instrument_id,venue,ts_event,trade_id,event_seq,price,quantity,aggressor_side,trade_condition,buyer_id,seller_id
MSFT.P.XNAS,XNAS,2025-09-16 13:30:01.000,T00000000,0,387.95,30,B,,,
MSFT.P.XNAS,XNAS,2025-09-16 13:30:01.300,T00000001,1,383.37,13,S,,,
MSFT.P.XNAS,XNAS,2025-09-16 13:30:01.800,T00000002,2,379.77,28,S,,,
MSFT.P.XNAS,XNAS,2025-09-16 13:30:02.300,T00000003,3,376.21000000000004,15,S,,,
MSFT.P.XNAS,XNAS,2025-09-16 13:30:02.700,T00000004,4,376.25,16,S,,,
MSFT.P.XNAS,XNAS,2025-09-16 13:30:04.500,T00000005,5,372.74,33,B,,,
MSFT.P.XNAS,XNAS,2025-09-16 13:30:05.400,T00000006,6,378.58,20,B,,,
MSFT.P.XNAS,XNAS,2025-09-16 13:30:06.000,T00000007,7,381.06,14,S,,,
MSFT.P.XNAS,XNAS,2025-09-16 13:30:06.500,T00000008,8,380.67,56,B,,,
MSFT.P.XNAS,XNAS,2025-09-16 13:30:07.000,T00000009,9,378.45,12,B,,,
MSFT.P.XNAS,XNAS,2025-09-16 13:30:07.600,T00000010,10,373.77,14,B,,,
MSFT.P.XNAS,XNAS,2025-09-16 13:30:08.100,T00000011,11,378.66,11,B,,,
MSFT.P.XNAS,XNAS,2025-09-16 13:30:08.300,T00000012,12,380.42,22,S,,,
MSFT.P.XNAS,XNAS,2025-09-16 13:30:08.400,T00000013,13,378.85,13,B,,,
MSFT.P.XNAS,XNAS,2025-09-16 13:30:08.500,T00000014,14,378.16,16,B,,,
MSFT.P.XNAS,XNAS,2025-09-16 13:30:10.000,T00000015,15,384.01,18,B,,,
MSFT.P.XNAS,XNAS,2025-09-16 13:30:11.000,T00000016,16,390.7,13,B,,,
MSFT.P.XNAS,XNAS,2025-09-16 13:30:11.100,T00000017,17,391.40000000000003,14,B,,,
MSFT.P.XNAS,XNAS,2025-09-16 13:30:11.300,T00000018,18,391.24,26,B,,,
MSFT.P.XNAS,XNAS,2025-09-16 13:30:11.500,T00000019,19,389.61,91,S,,,
MSFT.P.XNAS,XNAS,2025-09-16 13:30:12.300,T00000020,20,391.47,17,B,,,
MSFT.P.XNAS,XNAS,2025-09-16 13:30:12.500,T00000021,21,394.72,24,S,,,
MSFT.P.XNAS,XNAS,2025-09-16 13:30:13.100,T00000022,22,393.99,13,S,,,
MSFT.P.XNAS,XNAS,2025-09-16 13:30:13.400,T00000023,23,392.14000000000004,47,S,,,
MSFT.P.XNAS,XNAS,2025-09-16 13:30:14.000,T00000024,24,392.56,17,B,,,
MSFT.P.XNAS,XNAS,2025-09-16 13:30:15.600,T00000025,25,396.52,18,B,,,
MSFT.P.XNAS,XNAS,2025-09-16 13:30:16.400,T00000026,26,389.96000000000004,10,B,,,
MSFT.P.XNAS,XNAS,2025-09-16 13:30:17.200,T00000027,27,393.67,29,S,,,
MSFT.P.XNAS,XNAS,2025-09-16 13:30:17.600,T00000028,28,389.66,68,S,,,
MSFT.P.XNAS,XNAS,2025-09-16 13:30:17.700,T00000029,29,390.41,30,S,,,
MSFT.P.XNAS,XNAS,2025-09-16 13:30:17.800,T00000030,30,392.54,24,B,,,
MSFT.P.XNAS,XNAS,2025-09-16 13:30:18.000,T00000031,31,392.8,44,S,,,
MSFT.P.XNAS,XNAS,2025-09-16 13:30:18.500,T00000032,32,386.48,66,B,,,
MSFT.P.XNAS,XNAS,2025-09-16 13:30:20.200,T00000033,33,384.99,22,B,,,
MSFT.P.XNAS,XNAS,2025-09-16 13:30:20.800,T00000034,34,380.74,23,S,,,
MSFT.P.XNAS,XNAS,2025-09-16 13:30:21.500,T00000035,35,379.98,26,S,,,
MSFT.P.XNAS,XNAS,2025-09-16 13:30:21.600,T00000036,36,380.48,17,B,,,
MSFT.P.XNAS,XNAS,2025-09-16 13:30:22.000,T00000037,37,377.95,7,S,,,
MSFT.P.XNAS,XNAS,2025-09-16 13:30:23.600,T00000038,38,377.47,84,B,,,
MSFT.P.XNAS,XNAS,2025-09-16 13:30:27.600,T00000039,39,374.86,10,B,,,
MSFT.P.XNAS,XNAS,2025-09-16 13:30:28.600,T00000040,40,372.78000000000003,15,B,,,
MSFT.P.XNAS,XNAS,2025-09-16 13:30:28.700,T00000041,41,371.66,31,S,,,
MSFT.P.XNAS,XNAS,2025-09-16 13:30:30.400,T00000042,42,366.49,59,S,,,
MSFT.P.XNAS,XNAS,2025-09-16 13:30:31.200,T00000043,43,366.83,12,B,,,
MSFT.P.XNAS,XNAS,2025-09-16 13:30:31.800,T00000044,44,365.85,31,S,,,
MSFT.P.XNAS,XNAS,2025-09-16 13:30:32.100,T00000045,45,368.63,14,S,,,
MSFT.P.XNAS,XNAS,2025-09-16 13:30:32.800,T00000046,46,364.32,14,B,,,
MSFT.P.XNAS,XNAS,2025-09-16 13:30:35.300,T00000047,47,370.1,80,S,,,
MSFT.P.XNAS,XNAS,2025-09-16 13:30:35.700,T00000048,48,368.11,35,S,,,
MSFT.P.XNAS,XNAS,2025-09-16 13:30:35.800,T00000049,49,365.42,35,B,,,
MSFT.P.XNAS,XNAS,2025-09-16 13:30:38.200,T00000050,50,364.35,10,S,,,
MSFT.P.XNAS,XNAS,2025-09-16 13:30:38.400,T00000051,51,361.25,13,S,,,
MSFT.P.XNAS,XNAS,2025-09-16 13:30:38.700,T00000052,52,361.58,20,B,,,
MSFT.P.XNAS,XNAS,2025-09-16 13:30:38.900,T00000053,53,364.42,4,B,,,
MSFT.P.XNAS,XNAS,2025-09-16 13:30:41.600,T00000054,54,360.64,26,B,,,
MSFT.P.XNAS,XNAS,2025-09-16 13:30:41.800,T00000055,55,362.22,13,B,,,
MSFT.P.XNAS,XNAS,2025-09-16 13:30:42.400,T00000056,56,366.36,34,S,,,
MSFT.P.XNAS,XNAS,2025-09-16 13:30:44.200,T00000057,57,377.86,15,B,,,
MSFT.P.XNAS,XNAS,2025-09-16 13:30:44.400,T00000058,58,377.43,27,B,,,
MSFT.P.XNAS,XNAS,2025-09-16 13:30:46.000,T00000059,59,385.23,34,S,,,
MSFT.P.XNAS,XNAS,2025-09-16 13:30:46.600,T00000060,60,380.90000000000003,52,S,,,
MSFT.P.XNAS,XNAS,2025-09-16 13:30:47.300,T00000061,61,376.65000000000003,31,B,,,
MSFT.P.XNAS,XNAS,2025-09-16 13:30:49.200,T00000062,62,373.05,15,S,,,
MSFT.P.XNAS,XNAS,2025-09-16 13:30:52.700,T00000063,63,379.1,11,S,,,
MSFT.P.XNAS,XNAS,2025-09-16 13:30:53.800,T00000064,64,380.37,15,S,,,
MSFT.P.XNAS,XNAS,2025-09-16 13:30:54.300,T00000065,65,375.96,10,B,,,
MSFT.P.XNAS,XNAS,2025-09-16 13:30:54.600,T00000066,66,375.62,10,B,,,
MSFT.P.XNAS,XNAS,2025-09-16 13:30:55.800,T00000067,67,371.84000000000003,32,S,,,
MSFT.P.XNAS,XNAS,2025-09-16 13:30:56.200,T00000068,68,370.52,36,S,,,
MSFT.P.XNAS,XNAS,2025-09-16 13:30:57.100,T00000069,69,369.64,13,S,,,
MSFT.P.XNAS,XNAS,2025-09-16 13:30:57.400,T00000070,70,369.3,18,S,,,
MSFT.P.XNAS,XNAS,2025-09-16 13:30:58.600,T00000071,71,373.03000000000003,24,S,,,
MSFT.P.XNAS,XNAS,2025-09-16 13:30:59.400,T00000072,72,376.52,19,S,,,
MSFT.P.XNAS,XNAS,2025-09-16 13:31:00.700,T00000073,73,378.55,14,S,,,
MSFT.P.XNAS,XNAS,2025-09-16 13:31:03.100,T00000074,74,379.63,26,S,,,
MSFT.P.XNAS,XNAS,2025-09-16 13:31:04.100,T00000075,75,371.58,35,S,,,
MSFT.P.XNAS,XNAS,2025-09-16 13:31:04.700,T00000076,76,368.57,12,S,,,
MSFT.P.XNAS,XNAS,2025-09-16 13:31:09.400,T00000077,77,371.17,32,S,,,
MSFT.P.XNAS,XNAS,2025-09-16 13:31:10.500,T00000078,78,374.05,41,B,,,
MSFT.P.XNAS,XNAS,2025-09-16 13:31:10.900,T00000079,79,373.36,15,B,,,
MSFT.P.XNAS,XNAS,2025-09-16 13:31:11.300,T00000080,80,371.35,15,B,,,
MSFT.P.XNAS,XNAS,2025-09-16 13:31:12.200,T00000081,81,374.56,21,B,,,
MSFT.P.XNAS,XNAS,2025-09-16 13:31:12.500,T00000082,82,372.93,33,S,,,
MSFT.P.XNAS,XNAS,2025-09-16 13:31:14.800,T00000083,83,375.49,26,B,,,
MSFT.P.XNAS,XNAS,2025-09-16 13:31:15.100,T00000084,84,374.74,17,B,,,
MSFT.P.XNAS,XNAS,2025-09-16 13:31:16.100,T00000085,85,379.87,8,S,,,
MSFT.P.XNAS,XNAS,2025-09-16 13:31:16.500,T00000086,86,381.95,31,B,,,
MSFT.P.XNAS,XNAS,2025-09-16 13:31:17.500,T00000087,87,387.18,37,S,,,
MSFT.P.XNAS,XNAS,2025-09-16 13:31:17.900,T00000088,88,390.05,19,B,,,
MSFT.P.XNAS,XNAS,2025-09-16 13:31:18.100,T00000089,89,390.74,16,S,,,
MSFT.P.XNAS,XNAS,2025-09-16 13:31:18.200,T00000090,90,388.91,8,B,,,
MSFT.P.XNAS,XNAS,2025-09-16 13:31:18.900,T00000091,91,387.73,11,S,,,
MSFT.P.XNAS,XNAS,2025-09-16 13:31:19.000,T00000092,92,386.86,22,B,,,
MSFT.P.XNAS,XNAS,2025-09-16 13:31:19.300,T00000093,93,386.86,13,B,,,
MSFT.P.XNAS,XNAS,2025-09-16 13:31:21.000,T00000094,94,389.38,3,S,,,
MSFT.P.XNAS,XNAS,2025-09-16 13:31:21.100,T00000095,95,388.91,10,B,,,
MSFT.P.XNAS,XNAS,2025-09-16 13:31:21.200,T00000096,96,387.95,15,S,,,
MSFT.P.XNAS,XNAS,2025-09-16 13:31:21.300,T00000097,97,387.31,14,S,,,
MSFT.P.XNAS,XNAS,2025-09-16 13:31:24.000,T00000098,98,394.09000000000003,22,B,,,
MSFT.P.XNAS,XNAS,2025-09-16 13:31:24.100,T00000099,99,393.28000000000003,50,S,,,
MSFT.P.XNAS,XNAS,2025-09-16 13:31:26.400,T00000100,100,394.74,6,S,,,
MSFT.P.XNAS,XNAS,2025-09-16 13:31:26.900,T00000101,101,394.14,39,B,,,
MSFT.P.XNAS,XNAS,2025-09-16 13:31:27.100,T00000102,102,392.48,38,S,,,
MSFT.P.XNAS,XNAS,2025-09-16 13:31:28.500,T00000103,103,395.08,18,B,,,
MSFT.P.XNAS,XNAS,2025-09-16 13:31:29.500,T00000104,104,397.17,5,B,,,
MSFT.P.XNAS,XNAS,2025-09-16 13:31:29.600,T00000105,105,398.79,10,B,,,
MSFT.P.XNAS,XNAS,2025-09-16 13:31:35.200,T00000106,106,391.03000000000003,24,S,,,
MSFT.P.XNAS,XNAS,2025-09-16 13:31:35.700,T00000107,107,391.64,37,S,,,
MSFT.P.XNAS,XNAS,2025-09-16 13:31:37.000,T00000108,108,385.88,21,S,,,
MSFT.P.XNAS,XNAS,2025-09-16 13:31:37.900,T00000109,109,389.8,30,S,,,
MSFT.P.XNAS,XNAS,2025-09-16 13:31:41.700,T00000110,110,390.31,29,S,,,
MSFT.P.XNAS,XNAS,2025-09-16 13:31:42.000,T00000111,111,386.59000000000003,56,B,,,
MSFT.P.XNAS,XNAS,2025-09-16 13:31:42.600,T00000112,112,385.29,14,B,,,
MSFT.P.XNAS,XNAS,2025-09-16 13:31:43.500,T00000113,113,380.17,18,S,,,
MSFT.P.XNAS,XNAS,2025-09-16 13:31:43.900,T00000114,114,381.69,20,B,,,
MSFT.P.XNAS,XNAS,2025-09-16 13:31:44.200,T00000115,115,380.42,48,B,,,
MSFT.P.XNAS,XNAS,2025-09-16 13:31:48.200,T00000116,116,377.27,98,B,,,
MSFT.P.XNAS,XNAS,2025-09-16 13:31:50.900,T00000117,117,380.85,24,B,,,
MSFT.P.XNAS,XNAS,2025-09-16 13:31:51.100,T00000118,118,383.67,17,B,,,
MSFT.P.XNAS,XNAS,2025-09-16 13:31:51.800,T00000119,119,384.79,15,S,,,
MSFT.P.XNAS,XNAS,2025-09-16 13:31:53.700,T00000120,120,382.63,16,B,,,
MSFT.P.XNAS,XNAS,2025-09-16 13:31:54.900,T00000121,121,387.18,5,S,,,
MSFT.P.XNAS,XNAS,2025-09-16 13:31:55.200,T00000122,122,384.69,13,S,,,
MSFT.P.XNAS,XNAS,2025-09-16 13:31:55.600,T00000123,123,380.65000000000003,29,B,,,
MSFT.P.XNAS,XNAS,2025-09-16 13:31:57.800,T00000124,124,380.39000000000004,13,S,,,
MSFT.P.XNAS,XNAS,2025-09-16 13:31:58.600,T00000125,125,387.24,11,S,,,
MSFT.P.XNAS,XNAS,2025-09-16 13:31:59.700,T00000126,126,381.51,34,S,,,
MSFT.P.XNAS,XNAS,2025-09-16 13:32:00.000,T00000127,127,380.96,10,S,,,
MSFT.P.XNAS,XNAS,2025-09-16 13:32:00.200,T00000128,128,381.94,13,B,,,
MSFT.P.XNAS,XNAS,2025-09-16 13:32:00.900,T00000129,129,378.03000000000003,12,B,,,
MSFT.P.XNAS,XNAS,2025-09-16 13:32:01.600,T00000130,130,374.67,9,B,,,
MSFT.P.XNAS,XNAS,2025-09-16 13:32:01.900,T00000131,131,376.91,33,B,,,
MSFT.P.XNAS,XNAS,2025-09-16 13:32:03.500,T00000132,132,373.22,73,B,,,
MSFT.P.XNAS,XNAS,2025-09-16 13:32:03.600,T00000133,133,372.39,11,S,,,
MSFT.P.XNAS,XNAS,2025-09-16 13:32:03.900,T00000134,134,374.33,29,B,,,
MSFT.P.XNAS,XNAS,2025-09-16 13:32:04.200,T00000135,135,377.38,20,S,,,
MSFT.P.XNAS,XNAS,2025-09-16 13:32:04.900,T00000136,136,379.53000000000003,27,S,,,
MSFT.P.XNAS,XNAS,2025-09-16 13:32:06.400,T00000137,137,381.54,53,S,,,
MSFT.P.XNAS,XNAS,2025-09-16 13:32:06.700,T00000138,138,380.46,14,S,,,
MSFT.P.XNAS,XNAS,2025-09-16 13:32:07.300,T00000139,139,378.23,14,B,,,
MSFT.P.XNAS,XNAS,2025-09-16 13:32:07.800,T00000140,140,373.34000000000003,15,S,,,
MSFT.P.XNAS,XNAS,2025-09-16 13:32:09.200,T00000141,141,381.65000000000003,28,S,,,
MSFT.P.XNAS,XNAS,2025-09-16 13:32:09.700,T00000142,142,388.58,18,B,,,
MSFT.P.XNAS,XNAS,2025-09-16 13:32:10.800,T00000143,143,389.16,22,S,,,
MSFT.P.XNAS,XNAS,2025-09-16 13:32:11.400,T00000144,144,390.77,11,S,,,
MSFT.P.XNAS,XNAS,2025-09-16 13:32:13.700,T00000145,145,400.01,12,B,,,
MSFT.P.XNAS,XNAS,2025-09-16 13:32:14.400,T00000146,146,400.5,22,S,,,
MSFT.P.XNAS,XNAS,2025-09-16 13:32:14.800,T00000147,147,398.16,23,S,,,
MSFT.P.XNAS,XNAS,2025-09-16 13:32:16.700,T00000148,148,386.32,24,S,,,
MSFT.P.XNAS,XNAS,2025-09-16 13:32:19.100,T00000149,149,384.54,15,S,,,
MSFT.P.XNAS,XNAS,2025-09-16 13:32:19.400,T00000150,150,386.21000000000004,10,B,,,
MSFT.P.XNAS,XNAS,2025-09-16 13:32:21.800,T00000151,151,379.56,45,B,,,
MSFT.P.XNAS,XNAS,2025-09-16 13:32:21.900,T00000152,152,377.32,55,S,,,
MSFT.P.XNAS,XNAS,2025-09-16 13:32:22.400,T00000153,153,379.48,20,S,,,
MSFT.P.XNAS,XNAS,2025-09-16 13:32:22.900,T00000154,154,381.03000000000003,11,B,,,
MSFT.P.XNAS,XNAS,2025-09-16 13:32:23.500,T00000155,155,379.93,91,B,,,
MSFT.P.XNAS,XNAS,2025-09-16 13:32:24.100,T00000156,156,374.89,46,B,,,
MSFT.P.XNAS,XNAS,2025-09-16 13:32:24.300,T00000157,157,375.02,12,B,,,
MSFT.P.XNAS,XNAS,2025-09-16 13:32:24.400,T00000158,158,375.36,12,B,,,
MSFT.P.XNAS,XNAS,2025-09-16 13:32:26.400,T00000159,159,379.27,16,B,,,
MSFT.P.XNAS,XNAS,2025-09-16 13:32:26.800,T00000160,160,384.13,17,S,,,
MSFT.P.XNAS,XNAS,2025-09-16 13:32:27.200,T00000161,161,389.1,16,B,,,
MSFT.P.XNAS,XNAS,2025-09-16 13:32:29.100,T00000162,162,386.57,12,B,,,
MSFT.P.XNAS,XNAS,2025-09-16 13:32:29.400,T00000163,163,383.6,18,B,,,
MSFT.P.XNAS,XNAS,2025-09-16 13:32:30.600,T00000164,164,382.03000000000003,10,S,,,
MSFT.P.XNAS,XNAS,2025-09-16 13:32:30.800,T00000165,165,377.84000000000003,10,S,,,
MSFT.P.XNAS,XNAS,2025-09-16 13:32:31.200,T00000166,166,378.58,13,S,,,
MSFT.P.XNAS,XNAS,2025-09-16 13:32:31.300,T00000167,167,376.51,16,S,,,
MSFT.P.XNAS,XNAS,2025-09-16 13:32:32.200,T00000168,168,374.76,62,S,,,
MSFT.P.XNAS,XNAS,2025-09-16 13:32:32.900,T00000169,169,376.22,28,S,,,
MSFT.P.XNAS,XNAS,2025-09-16 13:32:33.500,T00000170,170,377.36,12,B,,,
MSFT.P.XNAS,XNAS,2025-09-16 13:32:34.300,T00000171,171,381.64000000000004,14,S,,,
MSFT.P.XNAS,XNAS,2025-09-16 13:32:35.000,T00000172,172,377.71,16,S,,,
MSFT.P.XNAS,XNAS,2025-09-16 13:32:38.500,T00000173,173,374.21,13,B,,,
MSFT.P.XNAS,XNAS,2025-09-16 13:32:39.200,T00000174,174,370.35,17,B,,,
MSFT.P.XNAS,XNAS,2025-09-16 13:32:40.600,T00000175,175,369.39,19,S,,,
MSFT.P.XNAS,XNAS,2025-09-16 13:32:41.000,T00000176,176,372.04,29,S,,,
MSFT.P.XNAS,XNAS,2025-09-16 13:32:41.400,T00000177,177,372.75,77,S,,,
MSFT.P.XNAS,XNAS,2025-09-16 13:32:41.900,T00000178,178,373.66,48,B,,,
MSFT.P.XNAS,XNAS,2025-09-16 13:32:42.500,T00000179,179,375.46,27,B,,,
MSFT.P.XNAS,XNAS,2025-09-16 13:32:43.200,T00000180,180,372.36,14,S,,,
MSFT.P.XNAS,XNAS,2025-09-16 13:32:43.700,T00000181,181,370.14000000000004,14,S,,,
MSFT.P.XNAS,XNAS,2025-09-16 13:32:44.300,T00000182,182,374.64,17,S,,,
MSFT.P.XNAS,XNAS,2025-09-16 13:32:46.600,T00000183,183,381.93,13,B,,,
MSFT.P.XNAS,XNAS,2025-09-16 13:32:47.600,T00000184,184,379.53000000000003,24,S,,,
MSFT.P.XNAS,XNAS,2025-09-16 13:32:47.900,T00000185,185,381.02,30,S,,,
MSFT.P.XNAS,XNAS,2025-09-16 13:32:50.400,T00000186,186,379.41,17,B,,,
MSFT.P.XNAS,XNAS,2025-09-16 13:32:51.300,T00000187,187,381.67,14,B,,,
MSFT.P.XNAS,XNAS,2025-09-16 13:32:52.700,T00000188,188,376.6,11,S,,,
MSFT.P.XNAS,XNAS,2025-09-16 13:32:53.200,T00000189,189,373.98,45,B,,,
MSFT.P.XNAS,XNAS,2025-09-16 13:32:55.300,T00000190,190,377.69,73,S,,,
MSFT.P.XNAS,XNAS,2025-09-16 13:32:55.600,T00000191,191,377.77,24,B,,,
MSFT.P.XNAS,XNAS,2025-09-16 13:32:56.500,T00000192,192,376.64,21,S,,,
MSFT.P.XNAS,XNAS,2025-09-16 13:32:56.700,T00000193,193,373.36,30,S,,,
MSFT.P.XNAS,XNAS,2025-09-16 13:32:57.900,T00000194,194,375.49,41,S,,,
MSFT.P.XNAS,XNAS,2025-09-16 13:32:58.700,T00000195,195,380.6,15,B,,,
MSFT.P.XNAS,XNAS,2025-09-16 13:32:59.100,T00000196,196,380.59000000000003,98,B,,,
MSFT.P.XNAS,XNAS,2025-09-16 13:32:59.300,T00000197,197,379.23,27,B,,,
MSFT.P.XNAS,XNAS,2025-09-16 13:33:00.200,T00000198,198,380.17,42,B,,,
MSFT.P.XNAS,XNAS,2025-09-16 13:33:01.800,T00000199,199,384.32,23,S,,,
MSFT.P.XNAS,XNAS,2025-09-16 13:33:01.900,T00000200,200,384.89,14,B,,,
MSFT.P.XNAS,XNAS,2025-09-16 13:33:03.600,T00000201,201,377.88,11,S,,,
MSFT.P.XNAS,XNAS,2025-09-16 13:33:04.100,T00000202,202,372.5,12,B,,,
MSFT.P.XNAS,XNAS,2025-09-16 13:33:04.200,T00000203,203,370.63,19,B,,,
MSFT.P.XNAS,XNAS,2025-09-16 13:33:05.300,T00000204,204,376.09,11,B,,,
MSFT.P.XNAS,XNAS,2025-09-16 13:33:07.000,T00000205,205,370.56,8,S,,,
MSFT.P.XNAS,XNAS,2025-09-16 13:33:07.300,T00000206,206,370.81,73,S,,,
MSFT.P.XNAS,XNAS,2025-09-16 13:33:08.500,T00000207,207,374.05,42,S,,,
MSFT.P.XNAS,XNAS,2025-09-16 13:33:08.700,T00000208,208,375.09000000000003,26,S,,,
MSFT.P.XNAS,XNAS,2025-09-16 13:33:09.200,T00000209,209,370.38,12,S,,,
MSFT.P.XNAS,XNAS,2025-09-16 13:33:09.700,T00000210,210,371.31,22,B,,,
MSFT.P.XNAS,XNAS,2025-09-16 13:33:10.000,T00000211,211,370.16,4,B,,,
MSFT.P.XNAS,XNAS,2025-09-16 13:33:10.900,T00000212,212,372.2,12,B,,,
MSFT.P.XNAS,XNAS,2025-09-16 13:33:14.600,T00000213,213,384.65000000000003,27,B,,,
MSFT.P.XNAS,XNAS,2025-09-16 13:33:15.200,T00000214,214,379.85,4,S,,,
MSFT.P.XNAS,XNAS,2025-09-16 13:33:16.600,T00000215,215,380.41,13,B,,,
MSFT.P.XNAS,XNAS,2025-09-16 13:33:18.200,T00000216,216,391.04,1,S,,,
MSFT.P.XNAS,XNAS,2025-09-16 13:33:20.500,T00000217,217,385.47,13,S,,,
MSFT.P.XNAS,XNAS,2025-09-16 13:33:21.500,T00000218,218,387.49,33,B,,,
MSFT.P.XNAS,XNAS,2025-09-16 13:33:23.500,T00000219,219,380.72,27,B,,,
MSFT.P.XNAS,XNAS,2025-09-16 13:33:23.600,T00000220,220,379.79,7,S,,,
MSFT.P.XNAS,XNAS,2025-09-16 13:33:24.400,T00000221,221,373.33,13,S,,,
MSFT.P.XNAS,XNAS,2025-09-16 13:33:25.900,T00000222,222,379.06,11,S,,,
MSFT.P.XNAS,XNAS,2025-09-16 13:33:28.300,T00000223,223,371.47,62,B,,,
MSFT.P.XNAS,XNAS,2025-09-16 13:33:28.700,T00000224,224,369.25,175,B,,,
MSFT.P.XNAS,XNAS,2025-09-16 13:33:28.900,T00000225,225,369.79,11,S,,,
MSFT.P.XNAS,XNAS,2025-09-16 13:33:29.300,T00000226,226,372.57,25,S,,,
MSFT.P.XNAS,XNAS,2025-09-16 13:33:30.700,T00000227,227,375.33,19,B,,,
MSFT.P.XNAS,XNAS,2025-09-16 13:33:31.800,T00000228,228,381.65000000000003,46,S,,,
MSFT.P.XNAS,XNAS,2025-09-16 13:33:34.400,T00000229,229,366.6,18,B,,,
MSFT.P.XNAS,XNAS,2025-09-16 13:33:35.900,T00000230,230,367.34000000000003,27,S,,,
MSFT.P.XNAS,XNAS,2025-09-16 13:33:36.800,T00000231,231,361.04,14,S,,,
MSFT.P.XNAS,XNAS,2025-09-16 13:33:38.200,T00000232,232,364.21,14,B,,,
MSFT.P.XNAS,XNAS,2025-09-16 13:33:40.300,T00000233,233,366.12,12,S,,,
MSFT.P.XNAS,XNAS,2025-09-16 13:33:42.000,T00000234,234,371.17,20,S,,,
MSFT.P.XNAS,XNAS,2025-09-16 13:33:42.200,T00000235,235,371.87,13,B,,,
MSFT.P.XNAS,XNAS,2025-09-16 13:33:42.700,T00000236,236,373.7,12,B,,,
MSFT.P.XNAS,XNAS,2025-09-16 13:33:44.000,T00000237,237,377.3,18,B,,,
MSFT.P.XNAS,XNAS,2025-09-16 13:33:44.300,T00000238,238,377.81,11,B,,,
MSFT.P.XNAS,XNAS,2025-09-16 13:33:45.000,T00000239,239,378.18,24,S,,,
MSFT.P.XNAS,XNAS,2025-09-16 13:33:47.100,T00000240,240,376.14,17,S,,,
MSFT.P.XNAS,XNAS,2025-09-16 13:33:48.300,T00000241,241,378.92,11,B,,,
MSFT.P.XNAS,XNAS,2025-09-16 13:33:48.700,T00000242,242,379.95,26,B,,,
MSFT.P.XNAS,XNAS,2025-09-16 13:33:49.200,T00000243,243,379.7,40,B,,,
MSFT.P.XNAS,XNAS,2025-09-16 13:33:49.400,T00000244,244,381.1,28,S,,,
MSFT.P.XNAS,XNAS,2025-09-16 13:33:51.200,T00000245,245,378.52000000000004,30,S,,,
MSFT.P.XNAS,XNAS,2025-09-16 13:33:51.700,T00000246,246,377.90000000000003,19,S,,,
MSFT.P.XNAS,XNAS,2025-09-16 13:33:52.200,T00000247,247,380.66,18,B,,,
MSFT.P.XNAS,XNAS,2025-09-16 13:33:53.100,T00000248,248,385.49,44,B,,,
MSFT.P.XNAS,XNAS,2025-09-16 13:33:53.200,T00000249,249,384.34000000000003,28,S,,,
MSFT.P.XNAS,XNAS,2025-09-16 13:33:54.300,T00000250,250,386.37,105,S,,,
MSFT.P.XNAS,XNAS,2025-09-16 13:33:57.000,T00000251,251,386.77,24,S,,,
MSFT.P.XNAS,XNAS,2025-09-16 13:33:57.500,T00000252,252,391.1,36,B,,,
MSFT.P.XNAS,XNAS,2025-09-16 13:33:59.200,T00000253,253,387.47,18,S,,,
MSFT.P.XNAS,XNAS,2025-09-16 13:33:59.800,T00000254,254,386.36,22,S,,,
MSFT.P.XNAS,XNAS,2025-09-16 13:34:00.300,T00000255,255,388.2,49,S,,,
MSFT.P.XNAS,XNAS,2025-09-16 13:34:00.800,T00000256,256,388.01,33,S,,,
MSFT.P.XNAS,XNAS,2025-09-16 13:34:00.900,T00000257,257,388.64,24,S,,,
MSFT.P.XNAS,XNAS,2025-09-16 13:34:01.400,T00000258,258,389.08,22,B,,,
MSFT.P.XNAS,XNAS,2025-09-16 13:34:02.500,T00000259,259,389.97,8,S,,,
MSFT.P.XNAS,XNAS,2025-09-16 13:34:02.600,T00000260,260,387.95000000000005,4,S,,,
MSFT.P.XNAS,XNAS,2025-09-16 13:34:02.700,T00000261,261,387.59000000000003,25,B,,,
MSFT.P.XNAS,XNAS,2025-09-16 13:34:02.800,T00000262,262,386.66,11,S,,,
MSFT.P.XNAS,XNAS,2025-09-16 13:34:04.500,T00000263,263,389.98,29,S,,,
MSFT.P.XNAS,XNAS,2025-09-16 13:34:08.000,T00000264,264,383.05,16,B,,,
MSFT.P.XNAS,XNAS,2025-09-16 13:34:10.000,T00000265,265,376.92,29,B,,,
MSFT.P.XNAS,XNAS,2025-09-16 13:34:10.200,T00000266,266,381.32,14,S,,,
MSFT.P.XNAS,XNAS,2025-09-16 13:34:10.500,T00000267,267,382.88,10,B,,,
MSFT.P.XNAS,XNAS,2025-09-16 13:34:14.600,T00000268,268,380.42,56,S,,,
MSFT.P.XNAS,XNAS,2025-09-16 13:34:15.800,T00000269,269,380.92,18,S,,,
MSFT.P.XNAS,XNAS,2025-09-16 13:34:16.200,T00000270,270,381.90000000000003,36,B,,,
MSFT.P.XNAS,XNAS,2025-09-16 13:34:16.700,T00000271,271,382.17,20,S,,,
MSFT.P.XNAS,XNAS,2025-09-16 13:34:16.900,T00000272,272,383.11,11,B,,,
MSFT.P.XNAS,XNAS,2025-09-16 13:34:18.000,T00000273,273,373.93,13,B,,,
MSFT.P.XNAS,XNAS,2025-09-16 13:34:18.500,T00000274,274,373.76,20,B,,,
MSFT.P.XNAS,XNAS,2025-09-16 13:34:18.600,T00000275,275,371.16,10,S,,,
MSFT.P.XNAS,XNAS,2025-09-16 13:34:20.400,T00000276,276,373.61,70,S,,,
MSFT.P.XNAS,XNAS,2025-09-16 13:34:24.900,T00000277,277,364.33,14,S,,,
MSFT.P.XNAS,XNAS,2025-09-16 13:34:29.300,T00000278,278,374.85,38,S,,,
MSFT.P.XNAS,XNAS,2025-09-16 13:34:30.700,T00000279,279,376.38,13,S,,,
MSFT.P.XNAS,XNAS,2025-09-16 13:34:32.000,T00000280,280,379.93,14,B,,,
MSFT.P.XNAS,XNAS,2025-09-16 13:34:32.800,T00000281,281,381.94,38,B,,,
MSFT.P.XNAS,XNAS,2025-09-16 13:34:33.900,T00000282,282,385.09000000000003,71,S,,,
MSFT.P.XNAS,XNAS,2025-09-16 13:34:35.600,T00000283,283,386.87,55,S,,,
MSFT.P.XNAS,XNAS,2025-09-16 13:34:36.000,T00000284,284,386.39,22,B,,,
MSFT.P.XNAS,XNAS,2025-09-16 13:34:36.500,T00000285,285,386.2,38,S,,,
MSFT.P.XNAS,XNAS,2025-09-16 13:34:36.900,T00000286,286,387.27,12,B,,,
MSFT.P.XNAS,XNAS,2025-09-16 13:34:37.800,T00000287,287,384.5,7,S,,,
MSFT.P.XNAS,XNAS,2025-09-16 13:34:38.500,T00000288,288,387.24,34,S,,,
MSFT.P.XNAS,XNAS,2025-09-16 13:34:40.400,T00000289,289,395.8,20,S,,,
MSFT.P.XNAS,XNAS,2025-09-16 13:34:40.600,T00000290,290,393.16,13,S,,,
MSFT.P.XNAS,XNAS,2025-09-16 13:34:40.700,T00000291,291,391.66,14,S,,,
MSFT.P.XNAS,XNAS,2025-09-16 13:34:41.300,T00000292,292,390.86,17,B,,,
MSFT.P.XNAS,XNAS,2025-09-16 13:34:41.600,T00000293,293,390.43,17,B,,,
MSFT.P.XNAS,XNAS,2025-09-16 13:34:41.800,T00000294,294,390.79,13,B,,,
MSFT.P.XNAS,XNAS,2025-09-16 13:34:44.500,T00000295,295,390.77,22,B,,,
MSFT.P.XNAS,XNAS,2025-09-16 13:34:45.600,T00000296,296,380.0,4,S,,,
MSFT.P.XNAS,XNAS,2025-09-16 13:34:45.700,T00000297,297,380.33,40,B,,,
MSFT.P.XNAS,XNAS,2025-09-16 13:34:46.100,T00000298,298,383.97,17,S,,,
MSFT.P.XNAS,XNAS,2025-09-16 13:34:47.000,T00000299,299,376.91,15,S,,,
MSFT.P.XNAS,XNAS,2025-09-16 13:34:50.600,T00000300,300,383.32,53,B,,,
MSFT.P.XNAS,XNAS,2025-09-16 13:34:51.300,T00000301,301,387.62,28,S,,,
MSFT.P.XNAS,XNAS,2025-09-16 13:34:52.400,T00000302,302,383.5,10,S,,,
MSFT.P.XNAS,XNAS,2025-09-16 13:34:53.400,T00000303,303,385.90000000000003,13,B,,,
MSFT.P.XNAS,XNAS,2025-09-16 13:34:54.300,T00000304,304,386.08,24,B,,,
MSFT.P.XNAS,XNAS,2025-09-16 13:34:54.900,T00000305,305,385.22,32,S,,,
MSFT.P.XNAS,XNAS,2025-09-16 13:34:55.000,T00000306,306,385.58,16,B,,,
MSFT.P.XNAS,XNAS,2025-09-16 13:34:55.300,T00000307,307,383.67,37,S,,,
MSFT.P.XNAS,XNAS,2025-09-16 13:34:55.600,T00000308,308,377.35,31,B,,,
MSFT.P.XNAS,XNAS,2025-09-16 13:34:55.900,T00000309,309,378.5,22,S,,,
MSFT.P.XNAS,XNAS,2025-09-16 13:35:00.800,T00000310,310,377.86,29,B,,,
MSFT.P.XNAS,XNAS,2025-09-16 13:35:01.100,T00000311,311,378.66,13,B,,,
MSFT.P.XNAS,XNAS,2025-09-16 13:35:01.300,T00000312,312,380.2,21,B,,,
MSFT.P.XNAS,XNAS,2025-09-16 13:35:04.000,T00000313,313,376.7,13,B,,,
MSFT.P.XNAS,XNAS,2025-09-16 13:35:08.000,T00000314,314,384.27,22,B,,,
MSFT.P.XNAS,XNAS,2025-09-16 13:35:09.800,T00000315,315,379.74,42,S,,,
MSFT.P.XNAS,XNAS,2025-09-16 13:35:10.600,T00000316,316,375.46999999999997,24,B,,,
MSFT.P.XNAS,XNAS,2025-09-16 13:35:10.900,T00000317,317,374.86,52,B,,,
MSFT.P.XNAS,XNAS,2025-09-16 13:35:11.900,T00000318,318,380.21,42,B,,,
MSFT.P.XNAS,XNAS,2025-09-16 13:35:12.600,T00000319,319,376.69,26,B,,,
MSFT.P.XNAS,XNAS,2025-09-16 13:35:13.000,T00000320,320,375.31,12,B,,,
MSFT.P.XNAS,XNAS,2025-09-16 13:35:13.800,T00000321,321,374.81,40,B,,,
MSFT.P.XNAS,XNAS,2025-09-16 13:35:14.800,T00000322,322,373.98,14,S,,,
MSFT.P.XNAS,XNAS,2025-09-16 13:35:15.000,T00000323,323,374.01,18,S,,,
MSFT.P.XNAS,XNAS,2025-09-16 13:35:17.400,T00000324,324,378.43,27,S,,,
MSFT.P.XNAS,XNAS,2025-09-16 13:35:17.600,T00000325,325,378.84000000000003,13,S,,,
MSFT.P.XNAS,XNAS,2025-09-16 13:35:17.700,T00000326,326,379.61,44,S,,,
MSFT.P.XNAS,XNAS,2025-09-16 13:35:18.800,T00000327,327,380.96,15,B,,,
MSFT.P.XNAS,XNAS,2025-09-16 13:35:20.300,T00000328,328,377.14,13,B,,,
MSFT.P.XNAS,XNAS,2025-09-16 13:35:21.000,T00000329,329,375.3,29,S,,,
MSFT.P.XNAS,XNAS,2025-09-16 13:35:21.200,T00000330,330,376.67,20,S,,,
MSFT.P.XNAS,XNAS,2025-09-16 13:35:22.200,T00000331,331,383.02,17,S,,,
MSFT.P.XNAS,XNAS,2025-09-16 13:35:22.400,T00000332,332,381.89,23,S,,,
MSFT.P.XNAS,XNAS,2025-09-16 13:35:23.600,T00000333,333,382.81,23,B,,,
MSFT.P.XNAS,XNAS,2025-09-16 13:35:23.900,T00000334,334,383.98,10,B,,,
MSFT.P.XNAS,XNAS,2025-09-16 13:35:24.000,T00000335,335,383.58,37,B,,,
MSFT.P.XNAS,XNAS,2025-09-16 13:35:24.100,T00000336,336,382.25,24,S,,,
MSFT.P.XNAS,XNAS,2025-09-16 13:35:24.200,T00000337,337,380.68,13,S,,,
MSFT.P.XNAS,XNAS,2025-09-16 13:35:24.500,T00000338,338,383.18,41,S,,,
MSFT.P.XNAS,XNAS,2025-09-16 13:35:24.600,T00000339,339,384.1,24,B,,,
MSFT.P.XNAS,XNAS,2025-09-16 13:35:26.400,T00000340,340,383.91,10,S,,,
MSFT.P.XNAS,XNAS,2025-09-16 13:35:27.600,T00000341,341,386.74,26,S,,,
MSFT.P.XNAS,XNAS,2025-09-16 13:35:30.600,T00000342,342,383.57,13,B,,,
MSFT.P.XNAS,XNAS,2025-09-16 13:35:32.700,T00000343,343,372.91,22,S,,,
MSFT.P.XNAS,XNAS,2025-09-16 13:35:33.600,T00000344,344,374.78000000000003,17,S,,,
MSFT.P.XNAS,XNAS,2025-09-16 13:35:33.900,T00000345,345,378.15000000000003,20,B,,,
MSFT.P.XNAS,XNAS,2025-09-16 13:35:35.200,T00000346,346,378.71,53,B,,,
MSFT.P.XNAS,XNAS,2025-09-16 13:35:36.800,T00000347,347,370.35,20,S,,,
MSFT.P.XNAS,XNAS,2025-09-16 13:35:37.100,T00000348,348,373.1,22,B,,,
MSFT.P.XNAS,XNAS,2025-09-16 13:35:39.100,T00000349,349,375.17,30,S,,,
MSFT.P.XNAS,XNAS,2025-09-16 13:35:40.200,T00000350,350,372.94,11,S,,,
MSFT.P.XNAS,XNAS,2025-09-16 13:35:42.100,T00000351,351,366.13,22,B,,,
MSFT.P.XNAS,XNAS,2025-09-16 13:35:43.800,T00000352,352,369.62,53,S,,,
MSFT.P.XNAS,XNAS,2025-09-16 13:35:46.400,T00000353,353,372.32,15,S,,,
MSFT.P.XNAS,XNAS,2025-09-16 13:35:46.700,T00000354,354,372.18,17,B,,,
MSFT.P.XNAS,XNAS,2025-09-16 13:35:48.400,T00000355,355,376.47,65,B,,,
MSFT.P.XNAS,XNAS,2025-09-16 13:35:49.500,T00000356,356,372.84000000000003,23,S,,,
MSFT.P.XNAS,XNAS,2025-09-16 13:35:49.600,T00000357,357,372.66,18,S,,,
MSFT.P.XNAS,XNAS,2025-09-16 13:35:50.300,T00000358,358,374.43,64,B,,,
MSFT.P.XNAS,XNAS,2025-09-16 13:35:50.700,T00000359,359,371.53000000000003,11,B,,,
MSFT.P.XNAS,XNAS,2025-09-16 13:35:51.100,T00000360,360,378.0,15,B,,,
MSFT.P.XNAS,XNAS,2025-09-16 13:35:51.200,T00000361,361,378.0,22,S,,,
MSFT.P.XNAS,XNAS,2025-09-16 13:35:52.500,T00000362,362,381.5,12,B,,,
MSFT.P.XNAS,XNAS,2025-09-16 13:35:53.400,T00000363,363,381.12,24,B,,,
MSFT.P.XNAS,XNAS,2025-09-16 13:35:54.300,T00000364,364,381.48,35,S,,,
MSFT.P.XNAS,XNAS,2025-09-16 13:35:56.000,T00000365,365,378.68,53,S,,,
MSFT.P.XNAS,XNAS,2025-09-16 13:35:56.200,T00000366,366,378.55,26,S,,,
MSFT.P.XNAS,XNAS,2025-09-16 13:35:56.500,T00000367,367,379.13,20,B,,,
MSFT.P.XNAS,XNAS,2025-09-16 13:35:56.900,T00000368,368,379.52,20,S,,,
MSFT.P.XNAS,XNAS,2025-09-16 13:35:57.100,T00000369,369,376.48,23,S,,,
MSFT.P.XNAS,XNAS,2025-09-16 13:35:57.500,T00000370,370,375.09000000000003,11,S,,,
MSFT.P.XNAS,XNAS,2025-09-16 13:35:58.400,T00000371,371,376.92,29,B,,,
MSFT.P.XNAS,XNAS,2025-09-16 13:36:03.800,T00000372,372,377.38,23,B,,,
MSFT.P.XNAS,XNAS,2025-09-16 13:36:04.100,T00000373,373,379.13,11,S,,,
MSFT.P.XNAS,XNAS,2025-09-16 13:36:04.600,T00000374,374,375.21,58,S,,,
MSFT.P.XNAS,XNAS,2025-09-16 13:36:05.800,T00000375,375,384.94,35,S,,,
MSFT.P.XNAS,XNAS,2025-09-16 13:36:12.700,T00000376,376,385.88,41,S,,,
MSFT.P.XNAS,XNAS,2025-09-16 13:36:12.800,T00000377,377,385.67,18,S,,,
MSFT.P.XNAS,XNAS,2025-09-16 13:36:13.400,T00000378,378,382.81,70,B,,,
MSFT.P.XNAS,XNAS,2025-09-16 13:36:15.700,T00000379,379,390.47,10,B,,,
MSFT.P.XNAS,XNAS,2025-09-16 13:36:17.900,T00000380,380,395.23,11,B,,,
MSFT.P.XNAS,XNAS,2025-09-16 13:36:18.800,T00000381,381,394.73,11,B,,,
MSFT.P.XNAS,XNAS,2025-09-16 13:36:19.500,T00000382,382,390.52,21,B,,,
MSFT.P.XNAS,XNAS,2025-09-16 13:36:20.700,T00000383,383,384.07,14,S,,,
MSFT.P.XNAS,XNAS,2025-09-16 13:36:22.400,T00000384,384,371.55,43,B,,,
MSFT.P.XNAS,XNAS,2025-09-16 13:36:23.600,T00000385,385,372.59000000000003,13,B,,,
MSFT.P.XNAS,XNAS,2025-09-16 13:36:24.100,T00000386,386,372.26,27,S,,,
MSFT.P.XNAS,XNAS,2025-09-16 13:36:26.200,T00000387,387,368.37,19,B,,,
MSFT.P.XNAS,XNAS,2025-09-16 13:36:26.400,T00000388,388,368.1,20,B,,,
MSFT.P.XNAS,XNAS,2025-09-16 13:36:26.800,T00000389,389,363.55,4,S,,,
MSFT.P.XNAS,XNAS,2025-09-16 13:36:27.400,T00000390,390,360.93,43,B,,,
MSFT.P.XNAS,XNAS,2025-09-16 13:36:27.500,T00000391,391,359.63,9,S,,,
MSFT.P.XNAS,XNAS,2025-09-16 13:36:27.600,T00000392,392,360.81,19,S,,,
MSFT.P.XNAS,XNAS,2025-09-16 13:36:29.100,T00000393,393,364.85,13,S,,,
MSFT.P.XNAS,XNAS,2025-09-16 13:36:29.700,T00000394,394,368.23,36,B,,,
MSFT.P.XNAS,XNAS,2025-09-16 13:36:29.900,T00000395,395,375.47,11,B,,,
MSFT.P.XNAS,XNAS,2025-09-16 13:36:30.300,T00000396,396,377.76,12,S,,,
MSFT.P.XNAS,XNAS,2025-09-16 13:36:31.100,T00000397,397,384.49,17,S,,,
MSFT.P.XNAS,XNAS,2025-09-16 13:36:31.300,T00000398,398,380.74,28,S,,,
MSFT.P.XNAS,XNAS,2025-09-16 13:36:32.800,T00000399,399,386.74,15,B,,,
MSFT.P.XNAS,XNAS,2025-09-16 13:36:34.800,T00000400,400,387.99,15,S,,,
MSFT.P.XNAS,XNAS,2025-09-16 13:36:36.000,T00000401,401,388.16,12,S,,,
MSFT.P.XNAS,XNAS,2025-09-16 13:36:37.000,T00000402,402,392.08,19,B,,,
MSFT.P.XNAS,XNAS,2025-09-16 13:36:37.600,T00000403,403,386.23,13,S,,,
MSFT.P.XNAS,XNAS,2025-09-16 13:36:40.400,T00000404,404,387.56,41,S,,,
MSFT.P.XNAS,XNAS,2025-09-16 13:36:43.600,T00000405,405,384.25,16,S,,,
MSFT.P.XNAS,XNAS,2025-09-16 13:36:43.700,T00000406,406,383.87,32,S,,,
MSFT.P.XNAS,XNAS,2025-09-16 13:36:44.000,T00000407,407,382.16,13,S,,,
MSFT.P.XNAS,XNAS,2025-09-16 13:36:44.700,T00000408,408,383.2,11,S,,,
MSFT.P.XNAS,XNAS,2025-09-16 13:36:45.100,T00000409,409,381.62,13,B,,,
MSFT.P.XNAS,XNAS,2025-09-16 13:36:45.700,T00000410,410,382.67,16,S,,,
MSFT.P.XNAS,XNAS,2025-09-16 13:36:46.900,T00000411,411,392.89,22,B,,,
MSFT.P.XNAS,XNAS,2025-09-16 13:36:49.300,T00000412,412,389.91,37,S,,,
MSFT.P.XNAS,XNAS,2025-09-16 13:36:50.400,T00000413,413,395.95000000000005,49,S,,,
MSFT.P.XNAS,XNAS,2025-09-16 13:36:51.700,T00000414,414,391.55,72,S,,,
MSFT.P.XNAS,XNAS,2025-09-16 13:36:52.900,T00000415,415,392.49,26,S,,,
MSFT.P.XNAS,XNAS,2025-09-16 13:36:53.900,T00000416,416,396.28,27,B,,,
MSFT.P.XNAS,XNAS,2025-09-16 13:36:55.200,T00000417,417,394.51,30,S,,,
MSFT.P.XNAS,XNAS,2025-09-16 13:36:55.600,T00000418,418,391.08,12,B,,,
MSFT.P.XNAS,XNAS,2025-09-16 13:36:55.700,T00000419,419,391.13,69,B,,,
MSFT.P.XNAS,XNAS,2025-09-16 13:36:55.900,T00000420,420,392.96000000000004,24,S,,,
MSFT.P.XNAS,XNAS,2025-09-16 13:36:56.600,T00000421,421,389.63,13,S,,,
MSFT.P.XNAS,XNAS,2025-09-16 13:36:57.300,T00000422,422,385.69,22,S,,,
MSFT.P.XNAS,XNAS,2025-09-16 13:36:58.600,T00000423,423,381.17,84,B,,,
MSFT.P.XNAS,XNAS,2025-09-16 13:36:59.300,T00000424,424,379.55,31,B,,,
MSFT.P.XNAS,XNAS,2025-09-16 13:37:00.000,T00000425,425,377.27,9,S,,,
MSFT.P.XNAS,XNAS,2025-09-16 13:37:00.900,T00000426,426,376.66,19,S,,,
MSFT.P.XNAS,XNAS,2025-09-16 13:37:01.100,T00000427,427,374.93,13,S,,,
MSFT.P.XNAS,XNAS,2025-09-16 13:37:01.700,T00000428,428,373.33,26,S,,,
MSFT.P.XNAS,XNAS,2025-09-16 13:37:01.900,T00000429,429,372.68,18,B,,,
MSFT.P.XNAS,XNAS,2025-09-16 13:37:02.700,T00000430,430,376.96,41,S,,,
MSFT.P.XNAS,XNAS,2025-09-16 13:37:02.800,T00000431,431,377.36,34,B,,,
MSFT.P.XNAS,XNAS,2025-09-16 13:37:03.200,T00000432,432,375.5,43,B,,,
MSFT.P.XNAS,XNAS,2025-09-16 13:37:04.300,T00000433,433,380.72,29,B,,,
MSFT.P.XNAS,XNAS,2025-09-16 13:37:05.300,T00000434,434,381.75,16,B,,,
MSFT.P.XNAS,XNAS,2025-09-16 13:37:08.300,T00000435,435,372.7,20,S,,,
MSFT.P.XNAS,XNAS,2025-09-16 13:37:08.500,T00000436,436,373.5,19,B,,,
MSFT.P.XNAS,XNAS,2025-09-16 13:37:08.700,T00000437,437,374.79,12,B,,,
MSFT.P.XNAS,XNAS,2025-09-16 13:37:08.800,T00000438,438,375.46,13,B,,,
MSFT.P.XNAS,XNAS,2025-09-16 13:37:08.900,T00000439,439,377.03000000000003,24,B,,,
MSFT.P.XNAS,XNAS,2025-09-16 13:37:09.200,T00000440,440,376.35,39,B,,,
MSFT.P.XNAS,XNAS,2025-09-16 13:37:10.100,T00000441,441,381.25,8,B,,,
MSFT.P.XNAS,XNAS,2025-09-16 13:37:10.200,T00000442,442,380.13,22,S,,,
MSFT.P.XNAS,XNAS,2025-09-16 13:37:10.700,T00000443,443,383.58,15,S,,,
MSFT.P.XNAS,XNAS,2025-09-16 13:37:11.800,T00000444,444,379.55,14,S,,,
MSFT.P.XNAS,XNAS,2025-09-16 13:37:11.900,T00000445,445,376.36,18,B,,,
MSFT.P.XNAS,XNAS,2025-09-16 13:37:13.000,T00000446,446,373.03000000000003,43,B,,,
MSFT.P.XNAS,XNAS,2025-09-16 13:37:13.900,T00000447,447,369.91,41,B,,,
MSFT.P.XNAS,XNAS,2025-09-16 13:37:14.300,T00000448,448,368.71,11,S,,,
MSFT.P.XNAS,XNAS,2025-09-16 13:37:14.800,T00000449,449,374.44,21,B,,,
MSFT.P.XNAS,XNAS,2025-09-16 13:37:15.400,T00000450,450,372.86,35,B,,,
MSFT.P.XNAS,XNAS,2025-09-16 13:37:15.600,T00000451,451,373.33,11,S,,,
MSFT.P.XNAS,XNAS,2025-09-16 13:37:15.900,T00000452,452,373.0,10,B,,,
MSFT.P.XNAS,XNAS,2025-09-16 13:37:16.200,T00000453,453,374.65000000000003,43,S,,,
MSFT.P.XNAS,XNAS,2025-09-16 13:37:16.400,T00000454,454,377.31,32,S,,,
MSFT.P.XNAS,XNAS,2025-09-16 13:37:16.800,T00000455,455,381.09000000000003,14,S,,,
MSFT.P.XNAS,XNAS,2025-09-16 13:37:18.800,T00000456,456,372.87,51,B,,,
MSFT.P.XNAS,XNAS,2025-09-16 13:37:19.100,T00000457,457,367.64000000000004,24,S,,,
MSFT.P.XNAS,XNAS,2025-09-16 13:37:19.300,T00000458,458,365.67,15,S,,,
MSFT.P.XNAS,XNAS,2025-09-16 13:37:19.600,T00000459,459,371.56,28,B,,,
MSFT.P.XNAS,XNAS,2025-09-16 13:37:19.800,T00000460,460,370.95,97,B,,,
MSFT.P.XNAS,XNAS,2025-09-16 13:37:20.100,T00000461,461,373.6,77,B,,,
MSFT.P.XNAS,XNAS,2025-09-16 13:37:20.300,T00000462,462,377.37,17,B,,,
MSFT.P.XNAS,XNAS,2025-09-16 13:37:20.500,T00000463,463,375.98,44,B,,,
MSFT.P.XNAS,XNAS,2025-09-16 13:37:23.500,T00000464,464,375.78000000000003,28,B,,,
MSFT.P.XNAS,XNAS,2025-09-16 13:37:24.700,T00000465,465,373.84000000000003,66,S,,,
MSFT.P.XNAS,XNAS,2025-09-16 13:37:25.800,T00000466,466,371.82,10,S,,,
MSFT.P.XNAS,XNAS,2025-09-16 13:37:27.300,T00000467,467,365.62,11,S,,,
MSFT.P.XNAS,XNAS,2025-09-16 13:37:29.600,T00000468,468,363.22,18,S,,,
MSFT.P.XNAS,XNAS,2025-09-16 13:37:29.700,T00000469,469,362.81,10,S,,,
MSFT.P.XNAS,XNAS,2025-09-16 13:37:30.000,T00000470,470,363.28000000000003,15,S,,,
MSFT.P.XNAS,XNAS,2025-09-16 13:37:30.900,T00000471,471,373.34000000000003,29,B,,,
MSFT.P.XNAS,XNAS,2025-09-16 13:37:34.200,T00000472,472,386.76,24,B,,,
MSFT.P.XNAS,XNAS,2025-09-16 13:37:36.700,T00000473,473,386.76,24,B,,,
MSFT.P.XNAS,XNAS,2025-09-16 13:37:36.900,T00000474,474,386.69,50,S,,,
MSFT.P.XNAS,XNAS,2025-09-16 13:37:39.200,T00000475,475,377.3,39,B,,,
MSFT.P.XNAS,XNAS,2025-09-16 13:37:40.500,T00000476,476,383.09000000000003,31,B,,,
MSFT.P.XNAS,XNAS,2025-09-16 13:37:41.600,T00000477,477,389.81,20,B,,,
MSFT.P.XNAS,XNAS,2025-09-16 13:37:42.700,T00000478,478,390.04,32,B,,,
MSFT.P.XNAS,XNAS,2025-09-16 13:37:44.500,T00000479,479,393.16,24,S,,,
MSFT.P.XNAS,XNAS,2025-09-16 13:37:45.500,T00000480,480,389.52,15,B,,,
MSFT.P.XNAS,XNAS,2025-09-16 13:37:46.100,T00000481,481,383.2,33,B,,,
MSFT.P.XNAS,XNAS,2025-09-16 13:37:48.100,T00000482,482,382.16,11,B,,,
MSFT.P.XNAS,XNAS,2025-09-16 13:37:48.600,T00000483,483,381.24,27,S,,,
MSFT.P.XNAS,XNAS,2025-09-16 13:37:49.000,T00000484,484,381.1,48,S,,,
MSFT.P.XNAS,XNAS,2025-09-16 13:37:49.100,T00000485,485,382.35,55,B,,,
MSFT.P.XNAS,XNAS,2025-09-16 13:37:49.800,T00000486,486,383.11,45,S,,,
MSFT.P.XNAS,XNAS,2025-09-16 13:37:50.400,T00000487,487,379.19,12,S,,,
MSFT.P.XNAS,XNAS,2025-09-16 13:37:50.900,T00000488,488,376.05,13,B,,,
MSFT.P.XNAS,XNAS,2025-09-16 13:37:51.400,T00000489,489,378.90000000000003,19,B,,,
MSFT.P.XNAS,XNAS,2025-09-16 13:37:52.500,T00000490,490,377.62,24,B,,,
MSFT.P.XNAS,XNAS,2025-09-16 13:37:54.600,T00000491,491,381.94,11,S,,,
MSFT.P.XNAS,XNAS,2025-09-16 13:37:55.900,T00000492,492,383.34000000000003,18,S,,,
MSFT.P.XNAS,XNAS,2025-09-16 13:37:56.500,T00000493,493,382.58,10,S,,,
MSFT.P.XNAS,XNAS,2025-09-16 13:37:58.300,T00000494,494,368.7,11,B,,,
MSFT.P.XNAS,XNAS,2025-09-16 13:37:59.600,T00000495,495,375.82,15,S,,,
MSFT.P.XNAS,XNAS,2025-09-16 13:38:00.600,T00000496,496,378.49,9,S,,,
MSFT.P.XNAS,XNAS,2025-09-16 13:38:01.300,T00000497,497,378.48,51,S,,,
MSFT.P.XNAS,XNAS,2025-09-16 13:38:01.600,T00000498,498,376.12,14,S,,,
MSFT.P.XNAS,XNAS,2025-09-16 13:38:02.500,T00000499,499,372.57,17,S,,,
MSFT.P.XNAS,XNAS,2025-09-16 13:38:03.500,T00000500,500,370.78000000000003,16,B,,,
MSFT.P.XNAS,XNAS,2025-09-16 13:38:03.600,T00000501,501,370.07,22,S,,,
MSFT.P.XNAS,XNAS,2025-09-16 13:38:04.400,T00000502,502,376.57,8,S,,,
MSFT.P.XNAS,XNAS,2025-09-16 13:38:04.600,T00000503,503,373.49,14,S,,,
MSFT.P.XNAS,XNAS,2025-09-16 13:38:04.700,T00000504,504,371.23,10,S,,,
MSFT.P.XNAS,XNAS,2025-09-16 13:38:06.800,T00000505,505,360.86,17,S,,,
MSFT.P.XNAS,XNAS,2025-09-16 13:38:07.800,T00000506,506,369.25,26,S,,,
MSFT.P.XNAS,XNAS,2025-09-16 13:38:07.900,T00000507,507,371.48,33,S,,,
MSFT.P.XNAS,XNAS,2025-09-16 13:38:08.400,T00000508,508,377.07,11,S,,,
MSFT.P.XNAS,XNAS,2025-09-16 13:38:08.700,T00000509,509,383.89,40,B,,,
MSFT.P.XNAS,XNAS,2025-09-16 13:38:12.500,T00000510,510,394.27,17,B,,,
MSFT.P.XNAS,XNAS,2025-09-16 13:38:13.900,T00000511,511,395.31,14,B,,,
MSFT.P.XNAS,XNAS,2025-09-16 13:38:15.100,T00000512,512,393.09000000000003,43,B,,,
MSFT.P.XNAS,XNAS,2025-09-16 13:38:15.400,T00000513,513,394.46000000000004,12,B,,,
MSFT.P.XNAS,XNAS,2025-09-16 13:38:16.000,T00000514,514,396.04,18,B,,,
MSFT.P.XNAS,XNAS,2025-09-16 13:38:16.100,T00000515,515,395.46,12,B,,,
MSFT.P.XNAS,XNAS,2025-09-16 13:38:16.800,T00000516,516,398.49,22,S,,,
MSFT.P.XNAS,XNAS,2025-09-16 13:38:17.100,T00000517,517,397.73,50,B,,,
MSFT.P.XNAS,XNAS,2025-09-16 13:38:17.600,T00000518,518,395.35,11,B,,,
MSFT.P.XNAS,XNAS,2025-09-16 13:38:18.100,T00000519,519,386.54,11,S,,,
MSFT.P.XNAS,XNAS,2025-09-16 13:38:18.200,T00000520,520,387.24,19,S,,,
MSFT.P.XNAS,XNAS,2025-09-16 13:38:20.000,T00000521,521,383.48,20,S,,,
MSFT.P.XNAS,XNAS,2025-09-16 13:38:20.600,T00000522,522,386.6,16,B,,,
MSFT.P.XNAS,XNAS,2025-09-16 13:38:21.200,T00000523,523,385.46000000000004,27,B,,,
MSFT.P.XNAS,XNAS,2025-09-16 13:38:24.700,T00000524,524,373.59000000000003,19,S,,,
MSFT.P.XNAS,XNAS,2025-09-16 13:38:28.000,T00000525,525,370.27,37,B,,,
MSFT.P.XNAS,XNAS,2025-09-16 13:38:28.100,T00000526,526,370.85,24,B,,,
MSFT.P.XNAS,XNAS,2025-09-16 13:38:30.000,T00000527,527,367.94,30,S,,,
MSFT.P.XNAS,XNAS,2025-09-16 13:38:33.100,T00000528,528,379.42,16,B,,,
MSFT.P.XNAS,XNAS,2025-09-16 13:38:34.000,T00000529,529,381.36,27,S,,,
MSFT.P.XNAS,XNAS,2025-09-16 13:38:34.200,T00000530,530,386.03000000000003,63,B,,,
MSFT.P.XNAS,XNAS,2025-09-16 13:38:36.900,T00000531,531,377.39,59,S,,,
MSFT.P.XNAS,XNAS,2025-09-16 13:38:39.600,T00000532,532,388.04,19,B,,,
MSFT.P.XNAS,XNAS,2025-09-16 13:38:39.700,T00000533,533,385.64,8,B,,,
MSFT.P.XNAS,XNAS,2025-09-16 13:38:40.100,T00000534,534,384.01,24,S,,,
MSFT.P.XNAS,XNAS,2025-09-16 13:38:40.500,T00000535,535,381.64,24,S,,,
MSFT.P.XNAS,XNAS,2025-09-16 13:38:41.000,T00000536,536,381.86,39,B,,,
MSFT.P.XNAS,XNAS,2025-09-16 13:38:41.200,T00000537,537,381.6,10,B,,,
MSFT.P.XNAS,XNAS,2025-09-16 13:38:41.700,T00000538,538,380.81,16,S,,,
MSFT.P.XNAS,XNAS,2025-09-16 13:38:42.400,T00000539,539,375.41,20,S,,,
MSFT.P.XNAS,XNAS,2025-09-16 13:38:42.600,T00000540,540,374.98,40,S,,,
MSFT.P.XNAS,XNAS,2025-09-16 13:38:44.100,T00000541,541,375.44,10,S,,,
MSFT.P.XNAS,XNAS,2025-09-16 13:38:44.500,T00000542,542,375.3,12,S,,,
MSFT.P.XNAS,XNAS,2025-09-16 13:38:48.100,T00000543,543,364.74,84,B,,,
MSFT.P.XNAS,XNAS,2025-09-16 13:38:50.000,T00000544,544,366.77,23,S,,,
MSFT.P.XNAS,XNAS,2025-09-16 13:38:50.200,T00000545,545,365.59000000000003,11,B,,,
MSFT.P.XNAS,XNAS,2025-09-16 13:38:51.300,T00000546,546,359.87,6,S,,,
MSFT.P.XNAS,XNAS,2025-09-16 13:38:51.700,T00000547,547,364.92,38,B,,,
MSFT.P.XNAS,XNAS,2025-09-16 13:38:53.100,T00000548,548,362.55,61,B,,,
MSFT.P.XNAS,XNAS,2025-09-16 13:38:54.400,T00000549,549,366.67,20,S,,,
MSFT.P.XNAS,XNAS,2025-09-16 13:38:56.600,T00000550,550,369.89,27,B,,,
MSFT.P.XNAS,XNAS,2025-09-16 13:38:59.000,T00000551,551,372.61,10,B,,,
MSFT.P.XNAS,XNAS,2025-09-16 13:39:00.600,T00000552,552,370.45,15,S,,,
MSFT.P.XNAS,XNAS,2025-09-16 13:39:01.600,T00000553,553,373.95,28,S,,,
MSFT.P.XNAS,XNAS,2025-09-16 13:39:01.800,T00000554,554,375.23,12,B,,,
MSFT.P.XNAS,XNAS,2025-09-16 13:39:04.100,T00000555,555,371.73,12,B,,,
MSFT.P.XNAS,XNAS,2025-09-16 13:39:05.700,T00000556,556,377.27,15,B,,,
MSFT.P.XNAS,XNAS,2025-09-16 13:39:05.800,T00000557,557,378.42,77,B,,,
MSFT.P.XNAS,XNAS,2025-09-16 13:39:06.000,T00000558,558,380.66,28,B,,,
MSFT.P.XNAS,XNAS,2025-09-16 13:39:07.200,T00000559,559,381.21999999999997,25,B,,,
MSFT.P.XNAS,XNAS,2025-09-16 13:39:07.500,T00000560,560,378.17,63,S,,,
MSFT.P.XNAS,XNAS,2025-09-16 13:39:07.800,T00000561,561,379.69,17,B,,,
MSFT.P.XNAS,XNAS,2025-09-16 13:39:08.400,T00000562,562,378.13,20,S,,,
MSFT.P.XNAS,XNAS,2025-09-16 13:39:09.100,T00000563,563,381.5,30,B,,,
MSFT.P.XNAS,XNAS,2025-09-16 13:39:09.200,T00000564,564,383.08,15,B,,,
MSFT.P.XNAS,XNAS,2025-09-16 13:39:10.000,T00000565,565,389.94,20,B,,,
MSFT.P.XNAS,XNAS,2025-09-16 13:39:10.500,T00000566,566,390.22,4,S,,,
MSFT.P.XNAS,XNAS,2025-09-16 13:39:11.000,T00000567,567,394.39,33,B,,,
MSFT.P.XNAS,XNAS,2025-09-16 13:39:11.100,T00000568,568,392.29,22,S,,,
MSFT.P.XNAS,XNAS,2025-09-16 13:39:16.000,T00000569,569,377.98,10,S,,,
MSFT.P.XNAS,XNAS,2025-09-16 13:39:16.500,T00000570,570,380.57,13,B,,,
MSFT.P.XNAS,XNAS,2025-09-16 13:39:19.100,T00000571,571,372.47,23,S,,,
MSFT.P.XNAS,XNAS,2025-09-16 13:39:19.500,T00000572,572,376.54,12,S,,,
MSFT.P.XNAS,XNAS,2025-09-16 13:39:20.200,T00000573,573,381.15000000000003,5,S,,,
MSFT.P.XNAS,XNAS,2025-09-16 13:39:20.300,T00000574,574,383.72,22,B,,,
MSFT.P.XNAS,XNAS,2025-09-16 13:39:23.500,T00000575,575,387.08,23,B,,,
MSFT.P.XNAS,XNAS,2025-09-16 13:39:24.100,T00000576,576,389.32,4,S,,,
MSFT.P.XNAS,XNAS,2025-09-16 13:39:24.800,T00000577,577,387.19,23,S,,,
MSFT.P.XNAS,XNAS,2025-09-16 13:39:25.100,T00000578,578,387.27,16,S,,,
MSFT.P.XNAS,XNAS,2025-09-16 13:39:26.400,T00000579,579,390.40000000000003,27,B,,,
MSFT.P.XNAS,XNAS,2025-09-16 13:39:26.900,T00000580,580,386.47,62,S,,,
MSFT.P.XNAS,XNAS,2025-09-16 13:39:32.300,T00000581,581,389.08000000000004,11,S,,,
MSFT.P.XNAS,XNAS,2025-09-16 13:39:32.600,T00000582,582,386.58,91,S,,,
MSFT.P.XNAS,XNAS,2025-09-16 13:39:33.100,T00000583,583,392.83,47,B,,,
MSFT.P.XNAS,XNAS,2025-09-16 13:39:33.800,T00000584,584,394.93,14,S,,,
MSFT.P.XNAS,XNAS,2025-09-16 13:39:35.500,T00000585,585,388.46000000000004,26,S,,,
MSFT.P.XNAS,XNAS,2025-09-16 13:39:35.900,T00000586,586,387.5,22,S,,,
MSFT.P.XNAS,XNAS,2025-09-16 13:39:36.900,T00000587,587,383.69,12,S,,,
MSFT.P.XNAS,XNAS,2025-09-16 13:39:38.300,T00000588,588,376.63,14,B,,,
MSFT.P.XNAS,XNAS,2025-09-16 13:39:42.800,T00000589,589,376.04,20,S,,,
MSFT.P.XNAS,XNAS,2025-09-16 13:39:43.000,T00000590,590,375.61,59,S,,,
MSFT.P.XNAS,XNAS,2025-09-16 13:39:44.000,T00000591,591,370.11,27,S,,,
MSFT.P.XNAS,XNAS,2025-09-16 13:39:45.300,T00000592,592,385.92,45,B,,,
MSFT.P.XNAS,XNAS,2025-09-16 13:39:46.100,T00000593,593,384.04,36,S,,,
MSFT.P.XNAS,XNAS,2025-09-16 13:39:47.200,T00000594,594,381.98,7,S,,,
MSFT.P.XNAS,XNAS,2025-09-16 13:39:47.400,T00000595,595,381.79,13,B,,,
MSFT.P.XNAS,XNAS,2025-09-16 13:39:48.800,T00000596,596,382.35,11,S,,,
MSFT.P.XNAS,XNAS,2025-09-16 13:39:49.700,T00000597,597,374.85,21,S,,,
MSFT.P.XNAS,XNAS,2025-09-16 13:39:49.800,T00000598,598,375.79,22,B,,,
MSFT.P.XNAS,XNAS,2025-09-16 13:39:51.500,T00000599,599,384.8,54,S,,,
MSFT.P.XNAS,XNAS,2025-09-16 13:39:54.000,T00000600,600,391.08,16,S,,,
MSFT.P.XNAS,XNAS,2025-09-16 13:39:54.600,T00000601,601,392.7,16,B,,,
MSFT.P.XNAS,XNAS,2025-09-16 13:39:55.400,T00000602,602,389.91,17,B,,,
MSFT.P.XNAS,XNAS,2025-09-16 13:39:55.500,T00000603,603,388.76,40,S,,,
MSFT.P.XNAS,XNAS,2025-09-16 13:39:56.400,T00000604,604,391.78000000000003,15,S,,,
MSFT.P.XNAS,XNAS,2025-09-16 13:39:57.300,T00000605,605,389.7,22,B,,,
MSFT.P.XNAS,XNAS,2025-09-16 13:39:58.000,T00000606,606,386.06,8,B,,,
MSFT.P.XNAS,XNAS,2025-09-16 13:39:59.200,T00000607,607,381.74,22,B,,,
MSFT.P.XNAS,XNAS,2025-09-16 13:39:59.300,T00000608,608,384.77,31,B,,,
MSFT.P.XNAS,XNAS,2025-09-16 13:40:00.000,T00000609,609,387.82,18,B,,,
MSFT.P.XNAS,XNAS,2025-09-16 13:40:01.200,T00000610,610,389.27,91,S,,,
MSFT.P.XNAS,XNAS,2025-09-16 13:40:01.600,T00000611,611,390.46000000000004,63,S,,,
MSFT.P.XNAS,XNAS,2025-09-16 13:40:03.500,T00000612,612,387.28000000000003,15,S,,,
MSFT.P.XNAS,XNAS,2025-09-16 13:40:04.200,T00000613,613,382.66,29,B,,,
MSFT.P.XNAS,XNAS,2025-09-16 13:40:05.500,T00000614,614,387.71000000000004,19,S,,,
MSFT.P.XNAS,XNAS,2025-09-16 13:40:05.600,T00000615,615,387.27,12,S,,,
MSFT.P.XNAS,XNAS,2025-09-16 13:40:06.100,T00000616,616,385.47,11,S,,,
MSFT.P.XNAS,XNAS,2025-09-16 13:40:08.200,T00000617,617,386.6,34,B,,,
MSFT.P.XNAS,XNAS,2025-09-16 13:40:09.200,T00000618,618,389.75,3,B,,,
MSFT.P.XNAS,XNAS,2025-09-16 13:40:10.800,T00000619,619,387.02,25,B,,,
MSFT.P.XNAS,XNAS,2025-09-16 13:40:12.200,T00000620,620,388.67,98,B,,,
MSFT.P.XNAS,XNAS,2025-09-16 13:40:12.800,T00000621,621,389.92,33,S,,,
MSFT.P.XNAS,XNAS,2025-09-16 13:40:16.400,T00000622,622,385.26,11,B,,,
MSFT.P.XNAS,XNAS,2025-09-16 13:40:18.800,T00000623,623,385.64,4,S,,,
MSFT.P.XNAS,XNAS,2025-09-16 13:40:18.900,T00000624,624,387.16,11,B,,,
MSFT.P.XNAS,XNAS,2025-09-16 13:40:21.500,T00000625,625,384.3,1,B,,,
MSFT.P.XNAS,XNAS,2025-09-16 13:40:22.300,T00000626,626,381.46,10,B,,,
MSFT.P.XNAS,XNAS,2025-09-16 13:40:22.600,T00000627,627,374.94,11,S,,,
MSFT.P.XNAS,XNAS,2025-09-16 13:40:22.800,T00000628,628,376.35,28,S,,,
MSFT.P.XNAS,XNAS,2025-09-16 13:40:23.700,T00000629,629,368.62,17,B,,,
MSFT.P.XNAS,XNAS,2025-09-16 13:40:24.000,T00000630,630,367.1,21,S,,,
MSFT.P.XNAS,XNAS,2025-09-16 13:40:24.200,T00000631,631,365.68,34,B,,,
MSFT.P.XNAS,XNAS,2025-09-16 13:40:27.600,T00000632,632,365.57,22,B,,,
MSFT.P.XNAS,XNAS,2025-09-16 13:40:28.900,T00000633,633,366.43,19,B,,,
MSFT.P.XNAS,XNAS,2025-09-16 13:40:29.700,T00000634,634,375.05,29,B,,,
MSFT.P.XNAS,XNAS,2025-09-16 13:40:30.900,T00000635,635,376.21,23,B,,,
MSFT.P.XNAS,XNAS,2025-09-16 13:40:31.100,T00000636,636,375.05,9,B,,,
MSFT.P.XNAS,XNAS,2025-09-16 13:40:33.500,T00000637,637,374.63,15,S,,,
MSFT.P.XNAS,XNAS,2025-09-16 13:40:35.200,T00000638,638,379.44,23,B,,,
MSFT.P.XNAS,XNAS,2025-09-16 13:40:35.300,T00000639,639,381.59000000000003,32,B,,,
MSFT.P.XNAS,XNAS,2025-09-16 13:40:35.900,T00000640,640,378.35,48,S,,,
MSFT.P.XNAS,XNAS,2025-09-16 13:40:36.200,T00000641,641,382.04,18,B,,,
MSFT.P.XNAS,XNAS,2025-09-16 13:40:36.600,T00000642,642,383.03000000000003,52,B,,,
MSFT.P.XNAS,XNAS,2025-09-16 13:40:38.100,T00000643,643,384.42,55,B,,,
MSFT.P.XNAS,XNAS,2025-09-16 13:40:38.700,T00000644,644,384.25,26,B,,,
MSFT.P.XNAS,XNAS,2025-09-16 13:40:39.200,T00000645,645,377.44,25,S,,,
MSFT.P.XNAS,XNAS,2025-09-16 13:40:39.600,T00000646,646,381.28000000000003,18,B,,,
MSFT.P.XNAS,XNAS,2025-09-16 13:40:40.700,T00000647,647,375.99,15,S,,,
MSFT.P.XNAS,XNAS,2025-09-16 13:40:40.900,T00000648,648,375.53000000000003,48,S,,,
MSFT.P.XNAS,XNAS,2025-09-16 13:40:41.300,T00000649,649,373.3,4,S,,,
MSFT.P.XNAS,XNAS,2025-09-16 13:40:43.900,T00000650,650,382.2,16,B,,,
MSFT.P.XNAS,XNAS,2025-09-16 13:40:44.100,T00000651,651,383.27,13,B,,,
MSFT.P.XNAS,XNAS,2025-09-16 13:40:44.400,T00000652,652,385.33,29,B,,,
MSFT.P.XNAS,XNAS,2025-09-16 13:40:47.400,T00000653,653,379.74,12,S,,,
MSFT.P.XNAS,XNAS,2025-09-16 13:40:51.900,T00000654,654,380.62,15,B,,,
MSFT.P.XNAS,XNAS,2025-09-16 13:40:52.100,T00000655,655,376.7,22,B,,,
MSFT.P.XNAS,XNAS,2025-09-16 13:40:52.700,T00000656,656,378.98,26,B,,,
MSFT.P.XNAS,XNAS,2025-09-16 13:40:52.900,T00000657,657,378.07,18,S,,,
MSFT.P.XNAS,XNAS,2025-09-16 13:40:53.000,T00000658,658,377.81,34,S,,,
MSFT.P.XNAS,XNAS,2025-09-16 13:40:59.200,T00000659,659,369.19,70,S,,,
MSFT.P.XNAS,XNAS,2025-09-16 13:41:00.000,T00000660,660,369.87,20,B,,,
MSFT.P.XNAS,XNAS,2025-09-16 13:41:00.200,T00000661,661,370.28000000000003,22,S,,,
MSFT.P.XNAS,XNAS,2025-09-16 13:41:00.300,T00000662,662,369.81,7,S,,,
MSFT.P.XNAS,XNAS,2025-09-16 13:41:00.900,T00000663,663,365.19,11,S,,,
MSFT.P.XNAS,XNAS,2025-09-16 13:41:01.400,T00000664,664,370.36,11,B,,,
MSFT.P.XNAS,XNAS,2025-09-16 13:41:01.900,T00000665,665,372.75,19,B,,,
MSFT.P.XNAS,XNAS,2025-09-16 13:41:02.700,T00000666,666,374.46,13,S,,,
MSFT.P.XNAS,XNAS,2025-09-16 13:41:04.000,T00000667,667,382.49,20,B,,,
MSFT.P.XNAS,XNAS,2025-09-16 13:41:07.300,T00000668,668,380.34000000000003,19,B,,,
MSFT.P.XNAS,XNAS,2025-09-16 13:41:09.400,T00000669,669,385.20000000000005,91,S,,,
MSFT.P.XNAS,XNAS,2025-09-16 13:41:13.300,T00000670,670,380.48,19,B,,,
MSFT.P.XNAS,XNAS,2025-09-16 13:41:13.500,T00000671,671,379.84000000000003,22,B,,,
MSFT.P.XNAS,XNAS,2025-09-16 13:41:17.900,T00000672,672,362.95,3,B,,,
MSFT.P.XNAS,XNAS,2025-09-16 13:41:18.800,T00000673,673,368.84000000000003,51,S,,,
MSFT.P.XNAS,XNAS,2025-09-16 13:41:19.500,T00000674,674,369.37,24,B,,,
MSFT.P.XNAS,XNAS,2025-09-16 13:41:21.200,T00000675,675,370.73,79,S,,,
MSFT.P.XNAS,XNAS,2025-09-16 13:41:22.900,T00000676,676,386.41,11,B,,,
MSFT.P.XNAS,XNAS,2025-09-16 13:41:24.700,T00000677,677,388.02,24,B,,,
MSFT.P.XNAS,XNAS,2025-09-16 13:41:25.800,T00000678,678,386.79,33,B,,,
MSFT.P.XNAS,XNAS,2025-09-16 13:41:26.100,T00000679,679,387.59000000000003,18,B,,,
MSFT.P.XNAS,XNAS,2025-09-16 13:41:26.800,T00000680,680,384.77,30,S,,,
MSFT.P.XNAS,XNAS,2025-09-16 13:41:27.800,T00000681,681,388.49,15,S,,,
MSFT.P.XNAS,XNAS,2025-09-16 13:41:28.000,T00000682,682,391.44,8,B,,,
MSFT.P.XNAS,XNAS,2025-09-16 13:41:28.700,T00000683,683,390.99,4,B,,,
MSFT.P.XNAS,XNAS,2025-09-16 13:41:29.200,T00000684,684,388.6,32,B,,,
MSFT.P.XNAS,XNAS,2025-09-16 13:41:29.300,T00000685,685,390.38,13,B,,,
MSFT.P.XNAS,XNAS,2025-09-16 13:41:30.600,T00000686,686,391.04,12,B,,,
MSFT.P.XNAS,XNAS,2025-09-16 13:41:32.700,T00000687,687,389.83,30,S,,,
MSFT.P.XNAS,XNAS,2025-09-16 13:41:33.000,T00000688,688,386.55,74,S,,,
MSFT.P.XNAS,XNAS,2025-09-16 13:41:35.100,T00000689,689,388.06,55,B,,,
MSFT.P.XNAS,XNAS,2025-09-16 13:41:36.500,T00000690,690,390.14,12,B,,,
MSFT.P.XNAS,XNAS,2025-09-16 13:41:36.900,T00000691,691,393.3,16,B,,,
MSFT.P.XNAS,XNAS,2025-09-16 13:41:38.800,T00000692,692,395.72,29,B,,,
MSFT.P.XNAS,XNAS,2025-09-16 13:41:39.800,T00000693,693,399.86,33,S,,,
MSFT.P.XNAS,XNAS,2025-09-16 13:41:41.000,T00000694,694,396.4,31,B,,,
MSFT.P.XNAS,XNAS,2025-09-16 13:41:42.800,T00000695,695,390.35,14,B,,,
MSFT.P.XNAS,XNAS,2025-09-16 13:41:43.000,T00000696,696,391.73,23,B,,,
MSFT.P.XNAS,XNAS,2025-09-16 13:41:44.000,T00000697,697,395.67,25,B,,,
MSFT.P.XNAS,XNAS,2025-09-16 13:41:44.400,T00000698,698,396.03000000000003,4,S,,,
MSFT.P.XNAS,XNAS,2025-09-16 13:41:44.500,T00000699,699,395.18,53,S,,,
MSFT.P.XNAS,XNAS,2025-09-16 13:41:46.900,T00000700,700,382.06,62,S,,,
MSFT.P.XNAS,XNAS,2025-09-16 13:41:49.500,T00000701,701,386.23,31,S,,,
MSFT.P.XNAS,XNAS,2025-09-16 13:41:50.000,T00000702,702,387.61,22,S,,,
MSFT.P.XNAS,XNAS,2025-09-16 13:41:50.700,T00000703,703,395.59000000000003,14,S,,,
MSFT.P.XNAS,XNAS,2025-09-16 13:41:51.100,T00000704,704,395.12,14,S,,,
MSFT.P.XNAS,XNAS,2025-09-16 13:41:53.400,T00000705,705,384.75,25,S,,,
MSFT.P.XNAS,XNAS,2025-09-16 13:41:56.200,T00000706,706,386.91,31,S,,,
MSFT.P.XNAS,XNAS,2025-09-16 13:41:56.300,T00000707,707,387.33,24,S,,,
MSFT.P.XNAS,XNAS,2025-09-16 13:41:56.800,T00000708,708,386.40000000000003,14,S,,,
MSFT.P.XNAS,XNAS,2025-09-16 13:42:01.400,T00000709,709,380.21,14,S,,,
MSFT.P.XNAS,XNAS,2025-09-16 13:42:02.400,T00000710,710,382.35,32,S,,,
MSFT.P.XNAS,XNAS,2025-09-16 13:42:02.600,T00000711,711,381.92,20,B,,,
MSFT.P.XNAS,XNAS,2025-09-16 13:42:03.200,T00000712,712,384.85,38,B,,,
MSFT.P.XNAS,XNAS,2025-09-16 13:42:06.600,T00000713,713,363.82,35,B,,,
MSFT.P.XNAS,XNAS,2025-09-16 13:42:07.100,T00000714,714,364.7,20,B,,,
MSFT.P.XNAS,XNAS,2025-09-16 13:42:07.300,T00000715,715,366.41,12,B,,,
MSFT.P.XNAS,XNAS,2025-09-16 13:42:08.500,T00000716,716,369.5,25,B,,,
MSFT.P.XNAS,XNAS,2025-09-16 13:42:10.200,T00000717,717,373.16,10,S,,,
MSFT.P.XNAS,XNAS,2025-09-16 13:42:10.300,T00000718,718,373.6,8,B,,,
MSFT.P.XNAS,XNAS,2025-09-16 13:42:10.400,T00000719,719,375.45,25,S,,,
MSFT.P.XNAS,XNAS,2025-09-16 13:42:10.500,T00000720,720,374.54,11,S,,,
MSFT.P.XNAS,XNAS,2025-09-16 13:42:10.900,T00000721,721,371.77000000000004,14,S,,,
MSFT.P.XNAS,XNAS,2025-09-16 13:42:11.900,T00000722,722,367.72,11,B,,,
MSFT.P.XNAS,XNAS,2025-09-16 13:42:14.200,T00000723,723,366.57,20,S,,,
MSFT.P.XNAS,XNAS,2025-09-16 13:42:15.100,T00000724,724,376.81,11,B,,,
MSFT.P.XNAS,XNAS,2025-09-16 13:42:15.800,T00000725,725,375.59000000000003,31,S,,,
MSFT.P.XNAS,XNAS,2025-09-16 13:42:16.300,T00000726,726,369.14,33,S,,,
MSFT.P.XNAS,XNAS,2025-09-16 13:42:16.500,T00000727,727,372.25,12,B,,,
MSFT.P.XNAS,XNAS,2025-09-16 13:42:17.300,T00000728,728,372.36,39,B,,,
MSFT.P.XNAS,XNAS,2025-09-16 13:42:18.600,T00000729,729,383.59000000000003,26,S,,,
MSFT.P.XNAS,XNAS,2025-09-16 13:42:18.900,T00000730,730,382.5,29,B,,,
MSFT.P.XNAS,XNAS,2025-09-16 13:42:19.300,T00000731,731,380.82,22,B,,,
MSFT.P.XNAS,XNAS,2025-09-16 13:42:21.900,T00000732,732,379.46,24,S,,,
MSFT.P.XNAS,XNAS,2025-09-16 13:42:22.300,T00000733,733,375.32,52,S,,,
MSFT.P.XNAS,XNAS,2025-09-16 13:42:22.900,T00000734,734,384.40000000000003,11,S,,,
MSFT.P.XNAS,XNAS,2025-09-16 13:42:23.300,T00000735,735,386.28000000000003,19,B,,,
MSFT.P.XNAS,XNAS,2025-09-16 13:42:24.100,T00000736,736,382.49,31,B,,,
MSFT.P.XNAS,XNAS,2025-09-16 13:42:24.200,T00000737,737,381.15000000000003,12,S,,,
MSFT.P.XNAS,XNAS,2025-09-16 13:42:24.300,T00000738,738,382.07,13,S,,,
MSFT.P.XNAS,XNAS,2025-09-16 13:42:25.400,T00000739,739,378.13,17,B,,,
MSFT.P.XNAS,XNAS,2025-09-16 13:42:25.500,T00000740,740,377.72,17,S,,,
MSFT.P.XNAS,XNAS,2025-09-16 13:42:26.600,T00000741,741,378.94,16,S,,,
MSFT.P.XNAS,XNAS,2025-09-16 13:42:27.400,T00000742,742,388.38,13,B,,,
MSFT.P.XNAS,XNAS,2025-09-16 13:42:27.700,T00000743,743,386.74,27,B,,,
MSFT.P.XNAS,XNAS,2025-09-16 13:42:28.700,T00000744,744,383.45,40,B,,,
MSFT.P.XNAS,XNAS,2025-09-16 13:42:29.500,T00000745,745,383.3,9,S,,,
MSFT.P.XNAS,XNAS,2025-09-16 13:42:31.200,T00000746,746,382.63,11,B,,,
MSFT.P.XNAS,XNAS,2025-09-16 13:42:32.300,T00000747,747,382.68,19,B,,,
MSFT.P.XNAS,XNAS,2025-09-16 13:42:33.200,T00000748,748,383.42,34,S,,,
MSFT.P.XNAS,XNAS,2025-09-16 13:42:34.300,T00000749,749,383.66,16,S,,,
MSFT.P.XNAS,XNAS,2025-09-16 13:42:34.700,T00000750,750,380.14,28,S,,,
MSFT.P.XNAS,XNAS,2025-09-16 13:42:34.900,T00000751,751,381.55,21,B,,,
MSFT.P.XNAS,XNAS,2025-09-16 13:42:37.000,T00000752,752,381.46,21,S,,,
MSFT.P.XNAS,XNAS,2025-09-16 13:42:37.800,T00000753,753,384.47,15,B,,,
MSFT.P.XNAS,XNAS,2025-09-16 13:42:39.300,T00000754,754,382.26,11,S,,,
MSFT.P.XNAS,XNAS,2025-09-16 13:42:39.400,T00000755,755,381.64000000000004,15,S,,,
MSFT.P.XNAS,XNAS,2025-09-16 13:42:40.200,T00000756,756,384.43,15,B,,,
MSFT.P.XNAS,XNAS,2025-09-16 13:42:43.200,T00000757,757,383.05,21,S,,,
MSFT.P.XNAS,XNAS,2025-09-16 13:42:45.000,T00000758,758,373.61,26,B,,,
MSFT.P.XNAS,XNAS,2025-09-16 13:42:45.800,T00000759,759,371.21,15,B,,,
MSFT.P.XNAS,XNAS,2025-09-16 13:42:46.600,T00000760,760,370.44,11,B,,,
MSFT.P.XNAS,XNAS,2025-09-16 13:42:46.900,T00000761,761,372.75,19,S,,,
MSFT.P.XNAS,XNAS,2025-09-16 13:42:47.000,T00000762,762,374.1,25,B,,,
MSFT.P.XNAS,XNAS,2025-09-16 13:42:47.700,T00000763,763,372.41,20,B,,,
MSFT.P.XNAS,XNAS,2025-09-16 13:42:47.800,T00000764,764,371.98,10,S,,,
MSFT.P.XNAS,XNAS,2025-09-16 13:42:52.900,T00000765,765,371.57,30,S,,,
MSFT.P.XNAS,XNAS,2025-09-16 13:42:53.000,T00000766,766,371.55,25,S,,,
MSFT.P.XNAS,XNAS,2025-09-16 13:42:53.500,T00000767,767,373.67,17,B,,,
MSFT.P.XNAS,XNAS,2025-09-16 13:42:53.800,T00000768,768,372.88,23,B,,,
MSFT.P.XNAS,XNAS,2025-09-16 13:42:56.000,T00000769,769,370.83,38,B,,,
MSFT.P.XNAS,XNAS,2025-09-16 13:42:58.800,T00000770,770,363.34000000000003,14,B,,,
MSFT.P.XNAS,XNAS,2025-09-16 13:42:59.100,T00000771,771,364.88,10,S,,,
MSFT.P.XNAS,XNAS,2025-09-16 13:42:59.200,T00000772,772,365.76,12,B,,,
MSFT.P.XNAS,XNAS,2025-09-16 13:43:00.400,T00000773,773,369.85,6,B,,,
MSFT.P.XNAS,XNAS,2025-09-16 13:43:00.600,T00000774,774,370.19,35,B,,,
MSFT.P.XNAS,XNAS,2025-09-16 13:43:01.100,T00000775,775,376.90000000000003,17,B,,,
MSFT.P.XNAS,XNAS,2025-09-16 13:43:01.200,T00000776,776,376.96,16,S,,,
MSFT.P.XNAS,XNAS,2025-09-16 13:43:01.400,T00000777,777,378.59000000000003,15,B,,,
MSFT.P.XNAS,XNAS,2025-09-16 13:43:01.500,T00000778,778,378.66,25,S,,,
MSFT.P.XNAS,XNAS,2025-09-16 13:43:02.100,T00000779,779,376.16,14,S,,,
MSFT.P.XNAS,XNAS,2025-09-16 13:43:02.500,T00000780,780,379.43,23,B,,,
MSFT.P.XNAS,XNAS,2025-09-16 13:43:03.200,T00000781,781,380.08,22,S,,,
MSFT.P.XNAS,XNAS,2025-09-16 13:43:04.200,T00000782,782,380.42,14,B,,,
MSFT.P.XNAS,XNAS,2025-09-16 13:43:07.500,T00000783,783,383.0,12,S,,,
MSFT.P.XNAS,XNAS,2025-09-16 13:43:07.800,T00000784,784,383.44,12,S,,,
MSFT.P.XNAS,XNAS,2025-09-16 13:43:09.200,T00000785,785,384.36,26,B,,,
MSFT.P.XNAS,XNAS,2025-09-16 13:43:10.400,T00000786,786,379.01,14,S,,,
MSFT.P.XNAS,XNAS,2025-09-16 13:43:10.800,T00000787,787,377.47,19,B,,,
MSFT.P.XNAS,XNAS,2025-09-16 13:43:14.600,T00000788,788,371.95,10,B,,,
MSFT.P.XNAS,XNAS,2025-09-16 13:43:15.000,T00000789,789,370.3,18,B,,,
MSFT.P.XNAS,XNAS,2025-09-16 13:43:15.300,T00000790,790,367.79,46,B,,,
MSFT.P.XNAS,XNAS,2025-09-16 13:43:15.800,T00000791,791,367.56,12,S,,,
MSFT.P.XNAS,XNAS,2025-09-16 13:43:17.100,T00000792,792,375.07,11,B,,,
MSFT.P.XNAS,XNAS,2025-09-16 13:43:18.200,T00000793,793,377.38,11,B,,,
MSFT.P.XNAS,XNAS,2025-09-16 13:43:19.900,T00000794,794,367.12,44,B,,,
MSFT.P.XNAS,XNAS,2025-09-16 13:43:20.600,T00000795,795,365.08,70,B,,,
MSFT.P.XNAS,XNAS,2025-09-16 13:43:21.200,T00000796,796,359.72,10,S,,,
MSFT.P.XNAS,XNAS,2025-09-16 13:43:22.500,T00000797,797,357.12,35,B,,,
MSFT.P.XNAS,XNAS,2025-09-16 13:43:24.600,T00000798,798,352.58,16,S,,,
MSFT.P.XNAS,XNAS,2025-09-16 13:43:27.800,T00000799,799,362.91,32,B,,,
MSFT.P.XNAS,XNAS,2025-09-16 13:43:29.300,T00000800,800,371.24,44,S,,,
MSFT.P.XNAS,XNAS,2025-09-16 13:43:30.100,T00000801,801,375.93,22,S,,,
MSFT.P.XNAS,XNAS,2025-09-16 13:43:30.600,T00000802,802,382.62,32,B,,,
MSFT.P.XNAS,XNAS,2025-09-16 13:43:31.900,T00000803,803,386.02,35,S,,,
MSFT.P.XNAS,XNAS,2025-09-16 13:43:32.400,T00000804,804,384.85,51,S,,,
MSFT.P.XNAS,XNAS,2025-09-16 13:43:32.800,T00000805,805,386.12,39,B,,,
MSFT.P.XNAS,XNAS,2025-09-16 13:43:33.400,T00000806,806,380.99,17,S,,,
MSFT.P.XNAS,XNAS,2025-09-16 13:43:35.100,T00000807,807,379.88,19,B,,,
MSFT.P.XNAS,XNAS,2025-09-16 13:43:36.100,T00000808,808,380.56,68,B,,,
MSFT.P.XNAS,XNAS,2025-09-16 13:43:37.500,T00000809,809,384.94,10,B,,,
MSFT.P.XNAS,XNAS,2025-09-16 13:43:37.900,T00000810,810,386.81,11,B,,,
MSFT.P.XNAS,XNAS,2025-09-16 13:43:41.100,T00000811,811,388.27,13,B,,,
MSFT.P.XNAS,XNAS,2025-09-16 13:43:42.500,T00000812,812,374.92,27,S,,,
MSFT.P.XNAS,XNAS,2025-09-16 13:43:43.900,T00000813,813,375.1,20,S,,,
MSFT.P.XNAS,XNAS,2025-09-16 13:43:44.000,T00000814,814,373.2,24,S,,,
MSFT.P.XNAS,XNAS,2025-09-16 13:43:44.200,T00000815,815,370.66,18,B,,,
MSFT.P.XNAS,XNAS,2025-09-16 13:43:44.900,T00000816,816,368.96,10,B,,,
MSFT.P.XNAS,XNAS,2025-09-16 13:43:45.100,T00000817,817,366.99,31,B,,,
MSFT.P.XNAS,XNAS,2025-09-16 13:43:47.800,T00000818,818,364.34000000000003,11,S,,,
MSFT.P.XNAS,XNAS,2025-09-16 13:43:48.300,T00000819,819,366.94,23,B,,,
MSFT.P.XNAS,XNAS,2025-09-16 13:43:49.000,T00000820,820,366.2,9,B,,,
MSFT.P.XNAS,XNAS,2025-09-16 13:43:49.800,T00000821,821,371.13,48,S,,,
MSFT.P.XNAS,XNAS,2025-09-16 13:43:51.900,T00000822,822,376.38,13,B,,,
MSFT.P.XNAS,XNAS,2025-09-16 13:43:52.200,T00000823,823,373.39,14,B,,,
MSFT.P.XNAS,XNAS,2025-09-16 13:43:52.300,T00000824,824,372.56,22,S,,,
MSFT.P.XNAS,XNAS,2025-09-16 13:43:53.600,T00000825,825,367.61,21,S,,,
MSFT.P.XNAS,XNAS,2025-09-16 13:43:54.500,T00000826,826,373.13,26,S,,,
MSFT.P.XNAS,XNAS,2025-09-16 13:43:55.600,T00000827,827,375.94,12,S,,,
MSFT.P.XNAS,XNAS,2025-09-16 13:43:58.500,T00000828,828,381.54,36,S,,,
MSFT.P.XNAS,XNAS,2025-09-16 13:43:59.000,T00000829,829,377.61,46,S,,,
MSFT.P.XNAS,XNAS,2025-09-16 13:44:01.000,T00000830,830,378.3,15,S,,,
MSFT.P.XNAS,XNAS,2025-09-16 13:44:01.300,T00000831,831,378.47,14,S,,,
MSFT.P.XNAS,XNAS,2025-09-16 13:44:02.700,T00000832,832,385.2,11,B,,,
MSFT.P.XNAS,XNAS,2025-09-16 13:44:02.900,T00000833,833,389.75,29,B,,,
MSFT.P.XNAS,XNAS,2025-09-16 13:44:03.700,T00000834,834,380.8,8,B,,,
MSFT.P.XNAS,XNAS,2025-09-16 13:44:03.800,T00000835,835,382.94,7,B,,,
MSFT.P.XNAS,XNAS,2025-09-16 13:44:04.200,T00000836,836,382.53000000000003,13,B,,,
MSFT.P.XNAS,XNAS,2025-09-16 13:44:08.100,T00000837,837,381.75,11,B,,,
MSFT.P.XNAS,XNAS,2025-09-16 13:44:08.600,T00000838,838,375.68,29,S,,,
MSFT.P.XNAS,XNAS,2025-09-16 13:44:08.800,T00000839,839,375.52,38,B,,,
MSFT.P.XNAS,XNAS,2025-09-16 13:44:10.000,T00000840,840,386.43,17,B,,,
MSFT.P.XNAS,XNAS,2025-09-16 13:44:10.400,T00000841,841,387.13,27,S,,,
MSFT.P.XNAS,XNAS,2025-09-16 13:44:10.700,T00000842,842,386.3,19,S,,,
MSFT.P.XNAS,XNAS,2025-09-16 13:44:11.200,T00000843,843,381.49,12,S,,,
MSFT.P.XNAS,XNAS,2025-09-16 13:44:14.700,T00000844,844,371.94,31,B,,,
MSFT.P.XNAS,XNAS,2025-09-16 13:44:17.900,T00000845,845,373.88,22,B,,,
MSFT.P.XNAS,XNAS,2025-09-16 13:44:18.000,T00000846,846,375.37,15,S,,,
MSFT.P.XNAS,XNAS,2025-09-16 13:44:18.600,T00000847,847,375.78000000000003,44,S,,,
MSFT.P.XNAS,XNAS,2025-09-16 13:44:23.400,T00000848,848,378.02,14,S,,,
MSFT.P.XNAS,XNAS,2025-09-16 13:44:24.200,T00000849,849,375.48,30,S,,,
MSFT.P.XNAS,XNAS,2025-09-16 13:44:25.000,T00000850,850,371.88,11,B,,,
MSFT.P.XNAS,XNAS,2025-09-16 13:44:26.700,T00000851,851,374.08,49,S,,,
MSFT.P.XNAS,XNAS,2025-09-16 13:44:27.100,T00000852,852,374.0,25,S,,,
MSFT.P.XNAS,XNAS,2025-09-16 13:44:27.900,T00000853,853,368.14,20,S,,,
MSFT.P.XNAS,XNAS,2025-09-16 13:44:28.200,T00000854,854,367.58,12,B,,,
MSFT.P.XNAS,XNAS,2025-09-16 13:44:28.400,T00000855,855,369.71,34,B,,,
MSFT.P.XNAS,XNAS,2025-09-16 13:44:30.200,T00000856,856,369.2,15,B,,,
MSFT.P.XNAS,XNAS,2025-09-16 13:44:30.600,T00000857,857,368.7,18,S,,,
MSFT.P.XNAS,XNAS,2025-09-16 13:44:31.200,T00000858,858,369.07,6,B,,,
MSFT.P.XNAS,XNAS,2025-09-16 13:44:32.400,T00000859,859,374.64000000000004,16,S,,,
MSFT.P.XNAS,XNAS,2025-09-16 13:44:34.200,T00000860,860,373.78000000000003,15,S,,,
MSFT.P.XNAS,XNAS,2025-09-16 13:44:36.600,T00000861,861,379.98,10,B,,,
MSFT.P.XNAS,XNAS,2025-09-16 13:44:38.100,T00000862,862,386.62,23,B,,,
MSFT.P.XNAS,XNAS,2025-09-16 13:44:38.300,T00000863,863,387.97,48,B,,,
MSFT.P.XNAS,XNAS,2025-09-16 13:44:40.600,T00000864,864,386.54,13,S,,,
MSFT.P.XNAS,XNAS,2025-09-16 13:44:41.200,T00000865,865,384.68,27,S,,,
MSFT.P.XNAS,XNAS,2025-09-16 13:44:44.300,T00000866,866,379.99,22,B,,,
MSFT.P.XNAS,XNAS,2025-09-16 13:44:46.600,T00000867,867,371.84000000000003,13,S,,,
MSFT.P.XNAS,XNAS,2025-09-16 13:44:47.400,T00000868,868,381.7,8,S,,,
MSFT.P.XNAS,XNAS,2025-09-16 13:44:48.200,T00000869,869,387.95,6,S,,,
MSFT.P.XNAS,XNAS,2025-09-16 13:44:48.300,T00000870,870,388.29,13,B,,,
MSFT.P.XNAS,XNAS,2025-09-16 13:44:48.500,T00000871,871,389.17,24,B,,,
MSFT.P.XNAS,XNAS,2025-09-16 13:44:48.700,T00000872,872,390.31,17,B,,,
MSFT.P.XNAS,XNAS,2025-09-16 13:44:49.300,T00000873,873,390.52,30,S,,,
MSFT.P.XNAS,XNAS,2025-09-16 13:44:49.700,T00000874,874,393.11,10,B,,,
MSFT.P.XNAS,XNAS,2025-09-16 13:44:50.400,T00000875,875,392.68,14,S,,,
MSFT.P.XNAS,XNAS,2025-09-16 13:44:50.600,T00000876,876,395.18,12,B,,,
MSFT.P.XNAS,XNAS,2025-09-16 13:44:51.100,T00000877,877,391.01,17,S,,,
MSFT.P.XNAS,XNAS,2025-09-16 13:44:52.000,T00000878,878,392.79,12,S,,,
MSFT.P.XNAS,XNAS,2025-09-16 13:44:52.700,T00000879,879,395.29,55,S,,,
MSFT.P.XNAS,XNAS,2025-09-16 13:44:53.300,T00000880,880,396.86,29,B,,,
MSFT.P.XNAS,XNAS,2025-09-16 13:44:53.500,T00000881,881,397.83,21,B,,,
MSFT.P.XNAS,XNAS,2025-09-16 13:44:53.600,T00000882,882,396.13,46,B,,,
MSFT.P.XNAS,XNAS,2025-09-16 13:44:54.100,T00000883,883,392.35,11,B,,,
MSFT.P.XNAS,XNAS,2025-09-16 13:44:54.300,T00000884,884,394.6,27,S,,,
MSFT.P.XNAS,XNAS,2025-09-16 13:44:54.400,T00000885,885,396.27,15,B,,,
MSFT.P.XNAS,XNAS,2025-09-16 13:44:54.800,T00000886,886,393.94,13,S,,,
MSFT.P.XNAS,XNAS,2025-09-16 13:44:56.000,T00000887,887,391.55,10,B,,,
MSFT.P.XNAS,XNAS,2025-09-16 13:44:56.300,T00000888,888,387.36,11,S,,,
MSFT.P.XNAS,XNAS,2025-09-16 13:44:57.800,T00000889,889,392.91,27,B,,,
MSFT.P.XNAS,XNAS,2025-09-16 13:44:58.100,T00000890,890,384.36,31,S,,,
MSFT.P.XNAS,XNAS,2025-09-16 13:44:58.700,T00000891,891,378.0,11,S,,,
MSFT.P.XNAS,XNAS,2025-09-16 13:45:00.000,T00000892,892,381.23,2,S,,,
MSFT.P.XNAS,XNAS,2025-09-16 13:45:00.100,T00000893,893,380.11,22,S,,,
MSFT.P.XNAS,XNAS,2025-09-16 13:45:01.700,T00000894,894,376.35,97,S,,,
MSFT.P.XNAS,XNAS,2025-09-16 13:45:02.800,T00000895,895,380.75,30,B,,,
MSFT.P.XNAS,XNAS,2025-09-16 13:45:04.300,T00000896,896,386.67,13,B,,,
MSFT.P.XNAS,XNAS,2025-09-16 13:45:04.500,T00000897,897,386.35,13,B,,,
MSFT.P.XNAS,XNAS,2025-09-16 13:45:06.300,T00000898,898,381.53000000000003,22,S,,,
MSFT.P.XNAS,XNAS,2025-09-16 13:45:06.800,T00000899,899,384.54,18,S,,,
MSFT.P.XNAS,XNAS,2025-09-16 13:45:11.900,T00000900,900,373.01,39,S,,,
MSFT.P.XNAS,XNAS,2025-09-16 13:45:12.200,T00000901,901,371.22,4,S,,,
MSFT.P.XNAS,XNAS,2025-09-16 13:45:12.500,T00000902,902,372.43,11,B,,,
MSFT.P.XNAS,XNAS,2025-09-16 13:45:12.900,T00000903,903,373.37,18,S,,,
MSFT.P.XNAS,XNAS,2025-09-16 13:45:13.500,T00000904,904,375.27,63,B,,,
MSFT.P.XNAS,XNAS,2025-09-16 13:45:14.400,T00000905,905,374.96,20,B,,,
MSFT.P.XNAS,XNAS,2025-09-16 13:45:19.200,T00000906,906,366.61,13,S,,,
MSFT.P.XNAS,XNAS,2025-09-16 13:45:21.200,T00000907,907,371.95,34,B,,,
MSFT.P.XNAS,XNAS,2025-09-16 13:45:21.700,T00000908,908,373.65000000000003,13,B,,,
MSFT.P.XNAS,XNAS,2025-09-16 13:45:22.100,T00000909,909,371.16,9,S,,,
MSFT.P.XNAS,XNAS,2025-09-16 13:45:25.400,T00000910,910,374.78000000000003,40,S,,,
MSFT.P.XNAS,XNAS,2025-09-16 13:45:26.300,T00000911,911,372.93,10,S,,,
MSFT.P.XNAS,XNAS,2025-09-16 13:45:26.800,T00000912,912,375.64,67,S,,,
MSFT.P.XNAS,XNAS,2025-09-16 13:45:28.100,T00000913,913,372.3,24,S,,,
MSFT.P.XNAS,XNAS,2025-09-16 13:45:29.300,T00000914,914,370.4,29,B,,,
MSFT.P.XNAS,XNAS,2025-09-16 13:45:30.400,T00000915,915,371.5,19,B,,,
MSFT.P.XNAS,XNAS,2025-09-16 13:45:30.500,T00000916,916,371.86,18,S,,,
MSFT.P.XNAS,XNAS,2025-09-16 13:45:30.600,T00000917,917,372.42,24,B,,,
MSFT.P.XNAS,XNAS,2025-09-16 13:45:31.200,T00000918,918,374.69,13,S,,,
MSFT.P.XNAS,XNAS,2025-09-16 13:45:32.900,T00000919,919,380.36,33,S,,,
MSFT.P.XNAS,XNAS,2025-09-16 13:45:33.200,T00000920,920,381.97,14,B,,,
MSFT.P.XNAS,XNAS,2025-09-16 13:45:33.800,T00000921,921,380.90000000000003,12,B,,,
MSFT.P.XNAS,XNAS,2025-09-16 13:45:35.100,T00000922,922,372.12,16,B,,,
MSFT.P.XNAS,XNAS,2025-09-16 13:45:35.900,T00000923,923,372.76,55,B,,,
MSFT.P.XNAS,XNAS,2025-09-16 13:45:36.200,T00000924,924,373.05,28,S,,,
MSFT.P.XNAS,XNAS,2025-09-16 13:45:36.400,T00000925,925,368.93,16,B,,,
MSFT.P.XNAS,XNAS,2025-09-16 13:45:36.800,T00000926,926,361.49,6,B,,,
MSFT.P.XNAS,XNAS,2025-09-16 13:45:37.000,T00000927,927,361.52,29,S,,,
MSFT.P.XNAS,XNAS,2025-09-16 13:45:37.900,T00000928,928,363.01,16,B,,,
MSFT.P.XNAS,XNAS,2025-09-16 13:45:38.900,T00000929,929,367.06,21,B,,,
MSFT.P.XNAS,XNAS,2025-09-16 13:45:40.600,T00000930,930,362.39,32,S,,,
MSFT.P.XNAS,XNAS,2025-09-16 13:45:41.500,T00000931,931,361.26,14,B,,,
MSFT.P.XNAS,XNAS,2025-09-16 13:45:42.200,T00000932,932,365.16,11,S,,,
MSFT.P.XNAS,XNAS,2025-09-16 13:45:42.600,T00000933,933,365.2,36,B,,,
MSFT.P.XNAS,XNAS,2025-09-16 13:45:43.600,T00000934,934,363.49,18,S,,,
MSFT.P.XNAS,XNAS,2025-09-16 13:45:44.200,T00000935,935,362.63,12,S,,,
MSFT.P.XNAS,XNAS,2025-09-16 13:45:44.700,T00000936,936,364.27,26,B,,,
MSFT.P.XNAS,XNAS,2025-09-16 13:45:45.100,T00000937,937,363.67,9,B,,,
MSFT.P.XNAS,XNAS,2025-09-16 13:45:47.000,T00000938,938,357.22,75,B,,,
MSFT.P.XNAS,XNAS,2025-09-16 13:45:48.900,T00000939,939,365.46999999999997,11,B,,,
MSFT.P.XNAS,XNAS,2025-09-16 13:45:51.200,T00000940,940,371.24,8,B,,,
MSFT.P.XNAS,XNAS,2025-09-16 13:45:51.500,T00000941,941,368.6,19,S,,,
MSFT.P.XNAS,XNAS,2025-09-16 13:45:52.800,T00000942,942,375.35,31,S,,,
MSFT.P.XNAS,XNAS,2025-09-16 13:45:53.100,T00000943,943,371.83,55,B,,,
MSFT.P.XNAS,XNAS,2025-09-16 13:45:55.800,T00000944,944,373.32,15,B,,,
MSFT.P.XNAS,XNAS,2025-09-16 13:45:56.500,T00000945,945,375.06,11,B,,,
MSFT.P.XNAS,XNAS,2025-09-16 13:45:56.900,T00000946,946,370.62,19,S,,,
MSFT.P.XNAS,XNAS,2025-09-16 13:45:57.700,T00000947,947,375.99,72,S,,,
MSFT.P.XNAS,XNAS,2025-09-16 13:45:58.400,T00000948,948,371.41,17,B,,,
MSFT.P.XNAS,XNAS,2025-09-16 13:45:58.500,T00000949,949,370.56,28,S,,,
MSFT.P.XNAS,XNAS,2025-09-16 13:46:00.100,T00000950,950,365.0,30,S,,,
MSFT.P.XNAS,XNAS,2025-09-16 13:46:01.400,T00000951,951,369.8,22,B,,,
MSFT.P.XNAS,XNAS,2025-09-16 13:46:05.100,T00000952,952,378.27,77,S,,,
MSFT.P.XNAS,XNAS,2025-09-16 13:46:05.400,T00000953,953,374.82,43,B,,,
MSFT.P.XNAS,XNAS,2025-09-16 13:46:05.600,T00000954,954,375.54,38,B,,,
MSFT.P.XNAS,XNAS,2025-09-16 13:46:07.900,T00000955,955,385.04,13,B,,,
MSFT.P.XNAS,XNAS,2025-09-16 13:46:09.600,T00000956,956,376.53000000000003,12,S,,,
MSFT.P.XNAS,XNAS,2025-09-16 13:46:09.800,T00000957,957,375.35,16,S,,,
MSFT.P.XNAS,XNAS,2025-09-16 13:46:10.400,T00000958,958,370.43,36,B,,,
MSFT.P.XNAS,XNAS,2025-09-16 13:46:11.000,T00000959,959,369.66,48,B,,,
MSFT.P.XNAS,XNAS,2025-09-16 13:46:13.500,T00000960,960,374.88,17,B,,,
MSFT.P.XNAS,XNAS,2025-09-16 13:46:15.200,T00000961,961,367.27,31,S,,,
MSFT.P.XNAS,XNAS,2025-09-16 13:46:15.700,T00000962,962,368.76,21,B,,,
MSFT.P.XNAS,XNAS,2025-09-16 13:46:16.500,T00000963,963,371.09000000000003,71,B,,,
MSFT.P.XNAS,XNAS,2025-09-16 13:46:17.800,T00000964,964,374.66,15,B,,,
MSFT.P.XNAS,XNAS,2025-09-16 13:46:18.000,T00000965,965,373.21,11,B,,,
MSFT.P.XNAS,XNAS,2025-09-16 13:46:18.600,T00000966,966,377.13,50,B,,,
MSFT.P.XNAS,XNAS,2025-09-16 13:46:18.800,T00000967,967,377.49,6,B,,,
MSFT.P.XNAS,XNAS,2025-09-16 13:46:19.100,T00000968,968,378.16,26,B,,,
MSFT.P.XNAS,XNAS,2025-09-16 13:46:19.200,T00000969,969,377.18,15,B,,,
MSFT.P.XNAS,XNAS,2025-09-16 13:46:19.300,T00000970,970,378.58,8,B,,,
MSFT.P.XNAS,XNAS,2025-09-16 13:46:22.000,T00000971,971,380.78000000000003,12,B,,,
MSFT.P.XNAS,XNAS,2025-09-16 13:46:22.400,T00000972,972,386.54,15,B,,,
MSFT.P.XNAS,XNAS,2025-09-16 13:46:24.500,T00000973,973,377.99,14,S,,,
MSFT.P.XNAS,XNAS,2025-09-16 13:46:24.700,T00000974,974,379.44,72,B,,,
MSFT.P.XNAS,XNAS,2025-09-16 13:46:26.600,T00000975,975,387.16,10,B,,,
MSFT.P.XNAS,XNAS,2025-09-16 13:46:27.200,T00000976,976,385.69,23,S,,,
MSFT.P.XNAS,XNAS,2025-09-16 13:46:27.300,T00000977,977,385.06,23,B,,,
MSFT.P.XNAS,XNAS,2025-09-16 13:46:27.800,T00000978,978,386.76,16,B,,,
MSFT.P.XNAS,XNAS,2025-09-16 13:46:28.600,T00000979,979,385.21000000000004,28,S,,,
MSFT.P.XNAS,XNAS,2025-09-16 13:46:29.000,T00000980,980,383.1,17,S,,,
MSFT.P.XNAS,XNAS,2025-09-16 13:46:29.500,T00000981,981,386.26,12,B,,,
MSFT.P.XNAS,XNAS,2025-09-16 13:46:31.400,T00000982,982,386.08,21,B,,,
MSFT.P.XNAS,XNAS,2025-09-16 13:46:31.600,T00000983,983,386.68,14,B,,,
MSFT.P.XNAS,XNAS,2025-09-16 13:46:33.100,T00000984,984,402.22,25,S,,,
MSFT.P.XNAS,XNAS,2025-09-16 13:46:34.400,T00000985,985,400.18,10,B,,,
MSFT.P.XNAS,XNAS,2025-09-16 13:46:35.300,T00000986,986,399.76,32,B,,,
MSFT.P.XNAS,XNAS,2025-09-16 13:46:35.500,T00000987,987,398.51,22,B,,,
MSFT.P.XNAS,XNAS,2025-09-16 13:46:35.700,T00000988,988,399.23,68,B,,,
MSFT.P.XNAS,XNAS,2025-09-16 13:46:36.500,T00000989,989,396.19,14,S,,,
MSFT.P.XNAS,XNAS,2025-09-16 13:46:37.200,T00000990,990,399.90000000000003,28,S,,,
MSFT.P.XNAS,XNAS,2025-09-16 13:46:38.000,T00000991,991,393.62,9,S,,,
MSFT.P.XNAS,XNAS,2025-09-16 13:46:38.200,T00000992,992,391.98,21,S,,,
MSFT.P.XNAS,XNAS,2025-09-16 13:46:40.100,T00000993,993,396.26,23,B,,,
MSFT.P.XNAS,XNAS,2025-09-16 13:46:40.200,T00000994,994,395.73,28,S,,,
MSFT.P.XNAS,XNAS,2025-09-16 13:46:40.300,T00000995,995,395.32,13,S,,,
MSFT.P.XNAS,XNAS,2025-09-16 13:46:41.600,T00000996,996,396.17,18,S,,,
MSFT.P.XNAS,XNAS,2025-09-16 13:46:42.200,T00000997,997,395.36,31,S,,,
MSFT.P.XNAS,XNAS,2025-09-16 13:46:43.600,T00000998,998,382.12,32,B,,,
MSFT.P.XNAS,XNAS,2025-09-16 13:46:44.800,T00000999,999,378.14,17,B,,,
MSFT.P.XNAS,XNAS,2025-09-16 13:46:45.000,T00001000,1000,379.55,31,S,,,
MSFT.P.XNAS,XNAS,2025-09-16 13:46:47.900,T00001001,1001,376.49,10,B,,,
MSFT.P.XNAS,XNAS,2025-09-16 13:46:49.800,T00001002,1002,372.23,50,S,,,
MSFT.P.XNAS,XNAS,2025-09-16 13:46:51.300,T00001003,1003,372.47,13,S,,,
MSFT.P.XNAS,XNAS,2025-09-16 13:46:51.700,T00001004,1004,373.26,23,B,,,
MSFT.P.XNAS,XNAS,2025-09-16 13:46:53.400,T00001005,1005,377.94,14,B,,,
MSFT.P.XNAS,XNAS,2025-09-16 13:46:54.600,T00001006,1006,386.57,38,S,,,
MSFT.P.XNAS,XNAS,2025-09-16 13:46:55.700,T00001007,1007,384.87,18,S,,,
MSFT.P.XNAS,XNAS,2025-09-16 13:46:56.000,T00001008,1008,384.3,21,B,,,
MSFT.P.XNAS,XNAS,2025-09-16 13:46:57.200,T00001009,1009,372.86,19,S,,,
MSFT.P.XNAS,XNAS,2025-09-16 13:46:58.100,T00001010,1010,367.02,16,S,,,
MSFT.P.XNAS,XNAS,2025-09-16 13:46:58.200,T00001011,1011,365.40000000000003,14,S,,,
MSFT.P.XNAS,XNAS,2025-09-16 13:46:58.700,T00001012,1012,362.91,12,B,,,
MSFT.P.XNAS,XNAS,2025-09-16 13:46:59.300,T00001013,1013,363.24,24,S,,,
MSFT.P.XNAS,XNAS,2025-09-16 13:46:59.400,T00001014,1014,363.04,34,S,,,
MSFT.P.XNAS,XNAS,2025-09-16 13:46:59.600,T00001015,1015,365.93,98,S,,,
MSFT.P.XNAS,XNAS,2025-09-16 13:47:03.500,T00001016,1016,359.25,25,S,,,
MSFT.P.XNAS,XNAS,2025-09-16 13:47:04.300,T00001017,1017,359.93,46,S,,,
MSFT.P.XNAS,XNAS,2025-09-16 13:47:04.600,T00001018,1018,362.95,24,B,,,
MSFT.P.XNAS,XNAS,2025-09-16 13:47:05.800,T00001019,1019,371.95,32,B,,,
MSFT.P.XNAS,XNAS,2025-09-16 13:47:05.900,T00001020,1020,369.09000000000003,10,S,,,
MSFT.P.XNAS,XNAS,2025-09-16 13:47:06.100,T00001021,1021,372.73,14,B,,,
MSFT.P.XNAS,XNAS,2025-09-16 13:47:08.800,T00001022,1022,374.71,14,B,,,
MSFT.P.XNAS,XNAS,2025-09-16 13:47:09.800,T00001023,1023,381.63,15,B,,,
MSFT.P.XNAS,XNAS,2025-09-16 13:47:10.400,T00001024,1024,386.83,13,S,,,
MSFT.P.XNAS,XNAS,2025-09-16 13:47:13.300,T00001025,1025,385.97,52,B,,,
MSFT.P.XNAS,XNAS,2025-09-16 13:47:15.400,T00001026,1026,393.52,15,B,,,
MSFT.P.XNAS,XNAS,2025-09-16 13:47:18.100,T00001027,1027,395.92,21,S,,,
MSFT.P.XNAS,XNAS,2025-09-16 13:47:19.700,T00001028,1028,406.26,24,S,,,
MSFT.P.XNAS,XNAS,2025-09-16 13:47:20.300,T00001029,1029,406.64,17,S,,,
MSFT.P.XNAS,XNAS,2025-09-16 13:47:21.200,T00001030,1030,406.77,24,S,,,
MSFT.P.XNAS,XNAS,2025-09-16 13:47:22.600,T00001031,1031,401.45,20,S,,,
MSFT.P.XNAS,XNAS,2025-09-16 13:47:23.500,T00001032,1032,403.43,27,B,,,
MSFT.P.XNAS,XNAS,2025-09-16 13:47:24.600,T00001033,1033,399.76,49,S,,,
MSFT.P.XNAS,XNAS,2025-09-16 13:47:27.200,T00001034,1034,390.69,62,B,,,
MSFT.P.XNAS,XNAS,2025-09-16 13:47:27.400,T00001035,1035,393.55,13,S,,,
MSFT.P.XNAS,XNAS,2025-09-16 13:47:28.100,T00001036,1036,398.66,11,S,,,
MSFT.P.XNAS,XNAS,2025-09-16 13:47:30.600,T00001037,1037,390.64,41,S,,,
MSFT.P.XNAS,XNAS,2025-09-16 13:47:31.300,T00001038,1038,390.36,30,S,,,
MSFT.P.XNAS,XNAS,2025-09-16 13:47:32.300,T00001039,1039,389.14,13,S,,,
MSFT.P.XNAS,XNAS,2025-09-16 13:47:34.500,T00001040,1040,382.35,10,B,,,
MSFT.P.XNAS,XNAS,2025-09-16 13:47:35.400,T00001041,1041,382.63,18,B,,,
MSFT.P.XNAS,XNAS,2025-09-16 13:47:35.700,T00001042,1042,381.81,18,B,,,
MSFT.P.XNAS,XNAS,2025-09-16 13:47:37.800,T00001043,1043,385.34,32,B,,,
MSFT.P.XNAS,XNAS,2025-09-16 13:47:37.900,T00001044,1044,384.8,10,S,,,
MSFT.P.XNAS,XNAS,2025-09-16 13:47:38.000,T00001045,1045,384.42,12,B,,,
MSFT.P.XNAS,XNAS,2025-09-16 13:47:38.300,T00001046,1046,386.23,43,B,,,
MSFT.P.XNAS,XNAS,2025-09-16 13:47:39.100,T00001047,1047,388.24,58,B,,,
MSFT.P.XNAS,XNAS,2025-09-16 13:47:41.700,T00001048,1048,389.08,18,B,,,
MSFT.P.XNAS,XNAS,2025-09-16 13:47:42.200,T00001049,1049,390.72,31,S,,,
MSFT.P.XNAS,XNAS,2025-09-16 13:47:42.300,T00001050,1050,391.96000000000004,35,B,,,
MSFT.P.XNAS,XNAS,2025-09-16 13:47:43.100,T00001051,1051,395.89,20,S,,,
MSFT.P.XNAS,XNAS,2025-09-16 13:47:43.300,T00001052,1052,396.74,12,B,,,
MSFT.P.XNAS,XNAS,2025-09-16 13:47:45.200,T00001053,1053,398.75,17,B,,,
MSFT.P.XNAS,XNAS,2025-09-16 13:47:45.600,T00001054,1054,398.67,33,B,,,
MSFT.P.XNAS,XNAS,2025-09-16 13:47:45.800,T00001055,1055,397.92,27,B,,,
MSFT.P.XNAS,XNAS,2025-09-16 13:47:46.800,T00001056,1056,397.40000000000003,11,B,,,
MSFT.P.XNAS,XNAS,2025-09-16 13:47:47.800,T00001057,1057,390.45,51,B,,,
MSFT.P.XNAS,XNAS,2025-09-16 13:47:49.700,T00001058,1058,394.97,55,B,,,
MSFT.P.XNAS,XNAS,2025-09-16 13:47:51.600,T00001059,1059,392.49,6,S,,,
MSFT.P.XNAS,XNAS,2025-09-16 13:47:51.800,T00001060,1060,393.33,10,S,,,
MSFT.P.XNAS,XNAS,2025-09-16 13:47:52.600,T00001061,1061,392.02,38,B,,,
MSFT.P.XNAS,XNAS,2025-09-16 13:47:54.000,T00001062,1062,390.7,13,S,,,
MSFT.P.XNAS,XNAS,2025-09-16 13:47:54.900,T00001063,1063,388.54,24,B,,,
MSFT.P.XNAS,XNAS,2025-09-16 13:47:57.100,T00001064,1064,392.01,18,B,,,
MSFT.P.XNAS,XNAS,2025-09-16 13:47:57.200,T00001065,1065,393.46000000000004,18,B,,,
MSFT.P.XNAS,XNAS,2025-09-16 13:47:57.400,T00001066,1066,395.65000000000003,18,B,,,
MSFT.P.XNAS,XNAS,2025-09-16 13:47:57.900,T00001067,1067,395.2,11,S,,,
MSFT.P.XNAS,XNAS,2025-09-16 13:47:58.000,T00001068,1068,396.24,13,B,,,
MSFT.P.XNAS,XNAS,2025-09-16 13:47:58.400,T00001069,1069,396.92,15,S,,,
MSFT.P.XNAS,XNAS,2025-09-16 13:48:01.500,T00001070,1070,390.79,14,S,,,
MSFT.P.XNAS,XNAS,2025-09-16 13:48:02.800,T00001071,1071,387.06,45,S,,,
MSFT.P.XNAS,XNAS,2025-09-16 13:48:03.500,T00001072,1072,385.64000000000004,32,S,,,
MSFT.P.XNAS,XNAS,2025-09-16 13:48:04.300,T00001073,1073,387.84000000000003,22,S,,,
MSFT.P.XNAS,XNAS,2025-09-16 13:48:06.500,T00001074,1074,385.87,15,S,,,
MSFT.P.XNAS,XNAS,2025-09-16 13:48:06.900,T00001075,1075,384.06,84,S,,,
MSFT.P.XNAS,XNAS,2025-09-16 13:48:07.100,T00001076,1076,387.44,10,B,,,
MSFT.P.XNAS,XNAS,2025-09-16 13:48:07.300,T00001077,1077,386.72,18,B,,,
MSFT.P.XNAS,XNAS,2025-09-16 13:48:07.400,T00001078,1078,385.64000000000004,14,S,,,
MSFT.P.XNAS,XNAS,2025-09-16 13:48:08.800,T00001079,1079,375.44,8,B,,,
MSFT.P.XNAS,XNAS,2025-09-16 13:48:09.200,T00001080,1080,378.81,27,S,,,
MSFT.P.XNAS,XNAS,2025-09-16 13:48:09.400,T00001081,1081,382.84000000000003,18,B,,,
MSFT.P.XNAS,XNAS,2025-09-16 13:48:10.100,T00001082,1082,388.99,4,B,,,
MSFT.P.XNAS,XNAS,2025-09-16 13:48:11.000,T00001083,1083,380.74,27,S,,,
MSFT.P.XNAS,XNAS,2025-09-16 13:48:11.800,T00001084,1084,381.02,22,B,,,
MSFT.P.XNAS,XNAS,2025-09-16 13:48:11.900,T00001085,1085,379.66,46,S,,,
MSFT.P.XNAS,XNAS,2025-09-16 13:48:12.800,T00001086,1086,384.7,18,S,,,
MSFT.P.XNAS,XNAS,2025-09-16 13:48:13.100,T00001087,1087,389.05,4,B,,,
MSFT.P.XNAS,XNAS,2025-09-16 13:48:13.300,T00001088,1088,388.68,15,S,,,
MSFT.P.XNAS,XNAS,2025-09-16 13:48:14.300,T00001089,1089,397.46000000000004,10,B,,,
MSFT.P.XNAS,XNAS,2025-09-16 13:48:18.100,T00001090,1090,405.26,75,B,,,
MSFT.P.XNAS,XNAS,2025-09-16 13:48:18.300,T00001091,1091,405.94,11,B,,,
MSFT.P.XNAS,XNAS,2025-09-16 13:48:18.600,T00001092,1092,409.92,29,B,,,
MSFT.P.XNAS,XNAS,2025-09-16 13:48:20.200,T00001093,1093,407.28000000000003,1,S,,,
MSFT.P.XNAS,XNAS,2025-09-16 13:48:20.600,T00001094,1094,403.67,39,B,,,
MSFT.P.XNAS,XNAS,2025-09-16 13:48:20.900,T00001095,1095,402.64,10,B,,,
MSFT.P.XNAS,XNAS,2025-09-16 13:48:22.700,T00001096,1096,397.21000000000004,37,S,,,
MSFT.P.XNAS,XNAS,2025-09-16 13:48:22.900,T00001097,1097,396.75,12,S,,,
MSFT.P.XNAS,XNAS,2025-09-16 13:48:24.700,T00001098,1098,393.2,44,S,,,
MSFT.P.XNAS,XNAS,2025-09-16 13:48:25.100,T00001099,1099,396.29,21,B,,,
MSFT.P.XNAS,XNAS,2025-09-16 13:48:26.500,T00001100,1100,394.61,11,S,,,
MSFT.P.XNAS,XNAS,2025-09-16 13:48:27.000,T00001101,1101,398.49,29,S,,,
MSFT.P.XNAS,XNAS,2025-09-16 13:48:27.100,T00001102,1102,399.77,26,B,,,
MSFT.P.XNAS,XNAS,2025-09-16 13:48:27.700,T00001103,1103,388.01,17,S,,,
MSFT.P.XNAS,XNAS,2025-09-16 13:48:27.900,T00001104,1104,389.13,21,S,,,
MSFT.P.XNAS,XNAS,2025-09-16 13:48:28.000,T00001105,1105,389.23,11,B,,,
MSFT.P.XNAS,XNAS,2025-09-16 13:48:29.300,T00001106,1106,385.27,26,B,,,
MSFT.P.XNAS,XNAS,2025-09-16 13:48:29.400,T00001107,1107,385.62,15,B,,,
MSFT.P.XNAS,XNAS,2025-09-16 13:48:31.000,T00001108,1108,385.87,29,B,,,
MSFT.P.XNAS,XNAS,2025-09-16 13:48:32.300,T00001109,1109,387.64,33,S,,,
MSFT.P.XNAS,XNAS,2025-09-16 13:48:33.000,T00001110,1110,389.21000000000004,18,S,,,
MSFT.P.XNAS,XNAS,2025-09-16 13:48:33.800,T00001111,1111,393.63,9,S,,,
MSFT.P.XNAS,XNAS,2025-09-16 13:48:34.100,T00001112,1112,394.2,56,S,,,
MSFT.P.XNAS,XNAS,2025-09-16 13:48:36.800,T00001113,1113,392.78000000000003,22,S,,,
MSFT.P.XNAS,XNAS,2025-09-16 13:48:37.500,T00001114,1114,393.42,6,B,,,
MSFT.P.XNAS,XNAS,2025-09-16 13:48:37.900,T00001115,1115,395.72,20,B,,,
MSFT.P.XNAS,XNAS,2025-09-16 13:48:38.800,T00001116,1116,392.13,20,S,,,
MSFT.P.XNAS,XNAS,2025-09-16 13:48:39.300,T00001117,1117,390.76,20,B,,,
MSFT.P.XNAS,XNAS,2025-09-16 13:48:39.600,T00001118,1118,386.28000000000003,11,B,,,
MSFT.P.XNAS,XNAS,2025-09-16 13:48:40.500,T00001119,1119,388.46000000000004,14,B,,,
MSFT.P.XNAS,XNAS,2025-09-16 13:48:44.400,T00001120,1120,383.43,10,B,,,
MSFT.P.XNAS,XNAS,2025-09-16 13:48:45.700,T00001121,1121,390.09000000000003,77,B,,,
MSFT.P.XNAS,XNAS,2025-09-16 13:48:45.800,T00001122,1122,389.1,14,B,,,
MSFT.P.XNAS,XNAS,2025-09-16 13:48:46.300,T00001123,1123,387.90000000000003,10,S,,,
MSFT.P.XNAS,XNAS,2025-09-16 13:48:47.800,T00001124,1124,394.14,13,S,,,
MSFT.P.XNAS,XNAS,2025-09-16 13:48:48.100,T00001125,1125,394.15000000000003,40,S,,,
MSFT.P.XNAS,XNAS,2025-09-16 13:48:48.800,T00001126,1126,393.72,42,B,,,
MSFT.P.XNAS,XNAS,2025-09-16 13:48:53.000,T00001127,1127,380.76,13,B,,,
MSFT.P.XNAS,XNAS,2025-09-16 13:48:54.000,T00001128,1128,384.29,18,S,,,
MSFT.P.XNAS,XNAS,2025-09-16 13:48:55.900,T00001129,1129,380.88,10,S,,,
MSFT.P.XNAS,XNAS,2025-09-16 13:48:57.000,T00001130,1130,378.11,14,S,,,
MSFT.P.XNAS,XNAS,2025-09-16 13:48:58.200,T00001131,1131,379.44,17,S,,,
MSFT.P.XNAS,XNAS,2025-09-16 13:48:58.500,T00001132,1132,378.78000000000003,30,B,,,
MSFT.P.XNAS,XNAS,2025-09-16 13:48:59.400,T00001133,1133,373.46,17,B,,,
MSFT.P.XNAS,XNAS,2025-09-16 13:48:59.800,T00001134,1134,371.14,31,B,,,
MSFT.P.XNAS,XNAS,2025-09-16 13:49:01.400,T00001135,1135,366.7,13,S,,,
MSFT.P.XNAS,XNAS,2025-09-16 13:49:02.300,T00001136,1136,366.53000000000003,15,S,,,
MSFT.P.XNAS,XNAS,2025-09-16 13:49:03.700,T00001137,1137,365.77,18,B,,,
MSFT.P.XNAS,XNAS,2025-09-16 13:49:06.400,T00001138,1138,363.18,15,S,,,
MSFT.P.XNAS,XNAS,2025-09-16 13:49:08.400,T00001139,1139,367.64,17,S,,,
MSFT.P.XNAS,XNAS,2025-09-16 13:49:09.200,T00001140,1140,365.77,41,B,,,
MSFT.P.XNAS,XNAS,2025-09-16 13:49:13.500,T00001141,1141,362.13,13,B,,,
MSFT.P.XNAS,XNAS,2025-09-16 13:49:15.000,T00001142,1142,359.88,24,B,,,
MSFT.P.XNAS,XNAS,2025-09-16 13:49:16.700,T00001143,1143,354.47,33,S,,,
MSFT.P.XNAS,XNAS,2025-09-16 13:49:18.200,T00001144,1144,353.95,20,B,,,
MSFT.P.XNAS,XNAS,2025-09-16 13:49:18.400,T00001145,1145,357.05,12,B,,,
MSFT.P.XNAS,XNAS,2025-09-16 13:49:18.700,T00001146,1146,358.03000000000003,21,B,,,
MSFT.P.XNAS,XNAS,2025-09-16 13:49:20.100,T00001147,1147,361.49,13,S,,,
MSFT.P.XNAS,XNAS,2025-09-16 13:49:20.700,T00001148,1148,365.19,39,B,,,
MSFT.P.XNAS,XNAS,2025-09-16 13:49:22.000,T00001149,1149,365.81,50,B,,,
MSFT.P.XNAS,XNAS,2025-09-16 13:49:23.800,T00001150,1150,360.77,43,S,,,
MSFT.P.XNAS,XNAS,2025-09-16 13:49:24.600,T00001151,1151,362.59000000000003,16,S,,,
MSFT.P.XNAS,XNAS,2025-09-16 13:49:24.800,T00001152,1152,362.55,46,S,,,
MSFT.P.XNAS,XNAS,2025-09-16 13:49:25.100,T00001153,1153,364.02,14,S,,,
MSFT.P.XNAS,XNAS,2025-09-16 13:49:26.200,T00001154,1154,366.58,14,S,,,
MSFT.P.XNAS,XNAS,2025-09-16 13:49:26.400,T00001155,1155,367.28000000000003,19,S,,,
MSFT.P.XNAS,XNAS,2025-09-16 13:49:27.100,T00001156,1156,376.48,21,B,,,
MSFT.P.XNAS,XNAS,2025-09-16 13:49:28.200,T00001157,1157,375.91,35,B,,,
MSFT.P.XNAS,XNAS,2025-09-16 13:49:29.400,T00001158,1158,374.2,5,S,,,
MSFT.P.XNAS,XNAS,2025-09-16 13:49:31.000,T00001159,1159,376.04,41,B,,,
MSFT.P.XNAS,XNAS,2025-09-16 13:49:31.300,T00001160,1160,376.21,42,S,,,
MSFT.P.XNAS,XNAS,2025-09-16 13:49:31.700,T00001161,1161,379.05,13,B,,,
MSFT.P.XNAS,XNAS,2025-09-16 13:49:32.700,T00001162,1162,376.41,91,B,,,
MSFT.P.XNAS,XNAS,2025-09-16 13:49:35.800,T00001163,1163,373.02,38,B,,,
MSFT.P.XNAS,XNAS,2025-09-16 13:49:36.500,T00001164,1164,372.22,25,B,,,
MSFT.P.XNAS,XNAS,2025-09-16 13:49:36.600,T00001165,1165,370.22,13,S,,,
MSFT.P.XNAS,XNAS,2025-09-16 13:49:36.700,T00001166,1166,371.05,13,B,,,
MSFT.P.XNAS,XNAS,2025-09-16 13:49:37.300,T00001167,1167,371.40000000000003,27,S,,,
MSFT.P.XNAS,XNAS,2025-09-16 13:49:37.600,T00001168,1168,371.35,15,S,,,
MSFT.P.XNAS,XNAS,2025-09-16 13:49:38.100,T00001169,1169,371.35,28,B,,,
MSFT.P.XNAS,XNAS,2025-09-16 13:49:38.400,T00001170,1170,368.21,10,S,,,
MSFT.P.XNAS,XNAS,2025-09-16 13:49:38.700,T00001171,1171,368.43,17,S,,,
MSFT.P.XNAS,XNAS,2025-09-16 13:49:39.800,T00001172,1172,368.42,106,B,,,
MSFT.P.XNAS,XNAS,2025-09-16 13:49:40.200,T00001173,1173,370.82,12,S,,,
MSFT.P.XNAS,XNAS,2025-09-16 13:49:40.800,T00001174,1174,375.79,43,S,,,
MSFT.P.XNAS,XNAS,2025-09-16 13:49:41.400,T00001175,1175,375.23,21,B,,,
MSFT.P.XNAS,XNAS,2025-09-16 13:49:42.000,T00001176,1176,375.76,36,S,,,
MSFT.P.XNAS,XNAS,2025-09-16 13:49:42.100,T00001177,1177,376.32,26,B,,,
MSFT.P.XNAS,XNAS,2025-09-16 13:49:42.200,T00001178,1178,376.99,23,B,,,
MSFT.P.XNAS,XNAS,2025-09-16 13:49:43.200,T00001179,1179,371.24,55,S,,,
MSFT.P.XNAS,XNAS,2025-09-16 13:49:44.300,T00001180,1180,372.31,17,B,,,
MSFT.P.XNAS,XNAS,2025-09-16 13:49:45.700,T00001181,1181,375.74,105,S,,,
MSFT.P.XNAS,XNAS,2025-09-16 13:49:45.800,T00001182,1182,375.64,18,B,,,
MSFT.P.XNAS,XNAS,2025-09-16 13:49:45.900,T00001183,1183,374.45,1,S,,,
MSFT.P.XNAS,XNAS,2025-09-16 13:49:47.600,T00001184,1184,371.61,23,S,,,
MSFT.P.XNAS,XNAS,2025-09-16 13:49:49.300,T00001185,1185,369.38,13,B,,,
MSFT.P.XNAS,XNAS,2025-09-16 13:49:49.700,T00001186,1186,368.91,38,B,,,
MSFT.P.XNAS,XNAS,2025-09-16 13:49:50.300,T00001187,1187,368.79,61,S,,,
MSFT.P.XNAS,XNAS,2025-09-16 13:49:51.900,T00001188,1188,354.25,10,B,,,
MSFT.P.XNAS,XNAS,2025-09-16 13:49:52.900,T00001189,1189,353.75,12,B,,,
MSFT.P.XNAS,XNAS,2025-09-16 13:49:54.600,T00001190,1190,357.08,20,B,,,
MSFT.P.XNAS,XNAS,2025-09-16 13:49:54.700,T00001191,1191,360.09000000000003,16,B,,,
MSFT.P.XNAS,XNAS,2025-09-16 13:49:55.400,T00001192,1192,359.98,16,S,,,
MSFT.P.XNAS,XNAS,2025-09-16 13:49:55.900,T00001193,1193,362.77,21,B,,,
MSFT.P.XNAS,XNAS,2025-09-16 13:49:57.100,T00001194,1194,366.46,52,S,,,
MSFT.P.XNAS,XNAS,2025-09-16 13:49:57.200,T00001195,1195,366.86,13,B,,,
MSFT.P.XNAS,XNAS,2025-09-16 13:49:57.900,T00001196,1196,362.66,21,B,,,
MSFT.P.XNAS,XNAS,2025-09-16 13:49:58.200,T00001197,1197,361.33,10,S,,,
MSFT.P.XNAS,XNAS,2025-09-16 13:49:58.600,T00001198,1198,363.38,22,S,,,
MSFT.P.XNAS,XNAS,2025-09-16 13:49:59.800,T00001199,1199,376.11,38,B,,,
MSFT.P.XNAS,XNAS,2025-09-16 13:50:01.600,T00001200,1200,371.38,11,B,,,
MSFT.P.XNAS,XNAS,2025-09-16 13:50:01.900,T00001201,1201,373.26,37,B,,,
MSFT.P.XNAS,XNAS,2025-09-16 13:50:02.700,T00001202,1202,374.25,33,S,,,
MSFT.P.XNAS,XNAS,2025-09-16 13:50:03.000,T00001203,1203,375.24,33,B,,,
MSFT.P.XNAS,XNAS,2025-09-16 13:50:04.100,T00001204,1204,378.63,5,S,,,
MSFT.P.XNAS,XNAS,2025-09-16 13:50:05.300,T00001205,1205,380.8,10,S,,,
MSFT.P.XNAS,XNAS,2025-09-16 13:50:05.600,T00001206,1206,381.13,15,B,,,
MSFT.P.XNAS,XNAS,2025-09-16 13:50:06.400,T00001207,1207,379.13,14,B,,,
MSFT.P.XNAS,XNAS,2025-09-16 13:50:06.600,T00001208,1208,380.73,43,S,,,
MSFT.P.XNAS,XNAS,2025-09-16 13:50:07.600,T00001209,1209,385.46000000000004,39,B,,,
MSFT.P.XNAS,XNAS,2025-09-16 13:50:09.800,T00001210,1210,388.08,38,S,,,
MSFT.P.XNAS,XNAS,2025-09-16 13:50:11.200,T00001211,1211,375.75,24,B,,,
MSFT.P.XNAS,XNAS,2025-09-16 13:50:14.600,T00001212,1212,370.43,11,B,,,
MSFT.P.XNAS,XNAS,2025-09-16 13:50:14.900,T00001213,1213,372.48,9,B,,,
MSFT.P.XNAS,XNAS,2025-09-16 13:50:15.600,T00001214,1214,376.69,17,S,,,
MSFT.P.XNAS,XNAS,2025-09-16 13:50:16.200,T00001215,1215,382.01,23,B,,,
MSFT.P.XNAS,XNAS,2025-09-16 13:50:18.300,T00001216,1216,380.25,23,S,,,
MSFT.P.XNAS,XNAS,2025-09-16 13:50:20.600,T00001217,1217,385.8,62,S,,,
MSFT.P.XNAS,XNAS,2025-09-16 13:50:21.800,T00001218,1218,389.51,15,B,,,
MSFT.P.XNAS,XNAS,2025-09-16 13:50:22.000,T00001219,1219,391.8,13,B,,,
MSFT.P.XNAS,XNAS,2025-09-16 13:50:24.200,T00001220,1220,379.54,20,S,,,
MSFT.P.XNAS,XNAS,2025-09-16 13:50:25.100,T00001221,1221,384.42,15,B,,,
MSFT.P.XNAS,XNAS,2025-09-16 13:50:25.800,T00001222,1222,380.05,12,B,,,
MSFT.P.XNAS,XNAS,2025-09-16 13:50:25.900,T00001223,1223,381.24,40,S,,,
MSFT.P.XNAS,XNAS,2025-09-16 13:50:26.500,T00001224,1224,384.97,10,S,,,
MSFT.P.XNAS,XNAS,2025-09-16 13:50:27.300,T00001225,1225,384.77,13,S,,,
MSFT.P.XNAS,XNAS,2025-09-16 13:50:28.000,T00001226,1226,382.85,29,B,,,
MSFT.P.XNAS,XNAS,2025-09-16 13:50:29.700,T00001227,1227,382.84,42,B,,,
MSFT.P.XNAS,XNAS,2025-09-16 13:50:29.800,T00001228,1228,381.24,21,S,,,
MSFT.P.XNAS,XNAS,2025-09-16 13:50:30.400,T00001229,1229,382.49,28,S,,,
MSFT.P.XNAS,XNAS,2025-09-16 13:50:33.500,T00001230,1230,380.63,11,S,,,
MSFT.P.XNAS,XNAS,2025-09-16 13:50:33.700,T00001231,1231,381.0,14,B,,,
MSFT.P.XNAS,XNAS,2025-09-16 13:50:34.500,T00001232,1232,384.93,20,B,,,
MSFT.P.XNAS,XNAS,2025-09-16 13:50:34.900,T00001233,1233,387.72,15,B,,,
MSFT.P.XNAS,XNAS,2025-09-16 13:50:37.400,T00001234,1234,383.85,12,S,,,
MSFT.P.XNAS,XNAS,2025-09-16 13:50:37.700,T00001235,1235,388.12,36,S,,,
MSFT.P.XNAS,XNAS,2025-09-16 13:50:37.900,T00001236,1236,386.2,84,B,,,
MSFT.P.XNAS,XNAS,2025-09-16 13:50:38.400,T00001237,1237,381.08,47,B,,,
MSFT.P.XNAS,XNAS,2025-09-16 13:50:39.100,T00001238,1238,385.0,28,B,,,
MSFT.P.XNAS,XNAS,2025-09-16 13:50:39.300,T00001239,1239,383.74,24,S,,,
MSFT.P.XNAS,XNAS,2025-09-16 13:50:39.800,T00001240,1240,388.75,15,S,,,
MSFT.P.XNAS,XNAS,2025-09-16 13:50:39.900,T00001241,1241,388.26,11,S,,,
MSFT.P.XNAS,XNAS,2025-09-16 13:50:40.200,T00001242,1242,390.45,13,S,,,
MSFT.P.XNAS,XNAS,2025-09-16 13:50:41.300,T00001243,1243,392.45,55,B,,,
MSFT.P.XNAS,XNAS,2025-09-16 13:50:41.600,T00001244,1244,393.66,10,B,,,
MSFT.P.XNAS,XNAS,2025-09-16 13:50:42.800,T00001245,1245,395.52,13,B,,,
MSFT.P.XNAS,XNAS,2025-09-16 13:50:46.500,T00001246,1246,381.11,77,B,,,
MSFT.P.XNAS,XNAS,2025-09-16 13:50:47.200,T00001247,1247,385.75,11,S,,,
MSFT.P.XNAS,XNAS,2025-09-16 13:50:48.200,T00001248,1248,384.32,22,B,,,
MSFT.P.XNAS,XNAS,2025-09-16 13:50:49.000,T00001249,1249,383.32,13,B,,,
MSFT.P.XNAS,XNAS,2025-09-16 13:50:51.000,T00001250,1250,385.19,24,B,,,
MSFT.P.XNAS,XNAS,2025-09-16 13:50:51.100,T00001251,1251,385.36,18,B,,,
MSFT.P.XNAS,XNAS,2025-09-16 13:50:52.400,T00001252,1252,378.98,20,S,,,
MSFT.P.XNAS,XNAS,2025-09-16 13:50:53.600,T00001253,1253,377.15000000000003,22,S,,,
MSFT.P.XNAS,XNAS,2025-09-16 13:50:53.900,T00001254,1254,376.94,11,B,,,
MSFT.P.XNAS,XNAS,2025-09-16 13:50:55.300,T00001255,1255,376.3,64,S,,,
MSFT.P.XNAS,XNAS,2025-09-16 13:50:57.100,T00001256,1256,373.74,24,B,,,
MSFT.P.XNAS,XNAS,2025-09-16 13:50:58.100,T00001257,1257,371.69,16,B,,,
MSFT.P.XNAS,XNAS,2025-09-16 13:50:58.900,T00001258,1258,386.38,20,B,,,
MSFT.P.XNAS,XNAS,2025-09-16 13:50:59.000,T00001259,1259,386.29,11,S,,,
MSFT.P.XNAS,XNAS,2025-09-16 13:51:00.100,T00001260,1260,386.63,19,S,,,
MSFT.P.XNAS,XNAS,2025-09-16 13:51:01.700,T00001261,1261,375.63,6,S,,,
MSFT.P.XNAS,XNAS,2025-09-16 13:51:04.400,T00001262,1262,377.94,16,B,,,
MSFT.P.XNAS,XNAS,2025-09-16 13:51:05.000,T00001263,1263,381.26,20,B,,,
MSFT.P.XNAS,XNAS,2025-09-16 13:51:06.300,T00001264,1264,384.48,21,S,,,
MSFT.P.XNAS,XNAS,2025-09-16 13:51:06.400,T00001265,1265,383.72,8,B,,,
MSFT.P.XNAS,XNAS,2025-09-16 13:51:06.500,T00001266,1266,382.55,45,S,,,
MSFT.P.XNAS,XNAS,2025-09-16 13:51:06.700,T00001267,1267,379.51,21,S,,,
MSFT.P.XNAS,XNAS,2025-09-16 13:51:06.900,T00001268,1268,380.23,12,S,,,
MSFT.P.XNAS,XNAS,2025-09-16 13:51:07.000,T00001269,1269,381.34000000000003,17,S,,,
MSFT.P.XNAS,XNAS,2025-09-16 13:51:09.500,T00001270,1270,378.61,15,S,,,
MSFT.P.XNAS,XNAS,2025-09-16 13:51:10.200,T00001271,1271,379.42,10,S,,,
MSFT.P.XNAS,XNAS,2025-09-16 13:51:11.600,T00001272,1272,381.96,11,S,,,
MSFT.P.XNAS,XNAS,2025-09-16 13:51:12.600,T00001273,1273,383.81,11,B,,,
MSFT.P.XNAS,XNAS,2025-09-16 13:51:12.800,T00001274,1274,382.98,14,B,,,
MSFT.P.XNAS,XNAS,2025-09-16 13:51:13.000,T00001275,1275,384.32,39,S,,,
MSFT.P.XNAS,XNAS,2025-09-16 13:51:14.100,T00001276,1276,381.61,18,B,,,
MSFT.P.XNAS,XNAS,2025-09-16 13:51:15.600,T00001277,1277,385.98,13,B,,,
MSFT.P.XNAS,XNAS,2025-09-16 13:51:15.800,T00001278,1278,386.86,59,B,,,
MSFT.P.XNAS,XNAS,2025-09-16 13:51:17.100,T00001279,1279,391.16,27,S,,,
MSFT.P.XNAS,XNAS,2025-09-16 13:51:18.100,T00001280,1280,394.15000000000003,28,S,,,
MSFT.P.XNAS,XNAS,2025-09-16 13:51:20.700,T00001281,1281,380.69,23,S,,,
MSFT.P.XNAS,XNAS,2025-09-16 13:51:21.100,T00001282,1282,383.01,43,S,,,
MSFT.P.XNAS,XNAS,2025-09-16 13:51:21.200,T00001283,1283,384.07,13,B,,,
MSFT.P.XNAS,XNAS,2025-09-16 13:51:21.300,T00001284,1284,384.24,10,B,,,
MSFT.P.XNAS,XNAS,2025-09-16 13:51:21.700,T00001285,1285,383.88,25,B,,,
MSFT.P.XNAS,XNAS,2025-09-16 13:51:22.200,T00001286,1286,379.16,20,B,,,
MSFT.P.XNAS,XNAS,2025-09-16 13:51:22.600,T00001287,1287,383.27,15,S,,,
MSFT.P.XNAS,XNAS,2025-09-16 13:51:24.400,T00001288,1288,381.93,14,B,,,
MSFT.P.XNAS,XNAS,2025-09-16 13:51:25.400,T00001289,1289,381.39,18,S,,,
MSFT.P.XNAS,XNAS,2025-09-16 13:51:25.700,T00001290,1290,379.84000000000003,12,B,,,
MSFT.P.XNAS,XNAS,2025-09-16 13:51:25.900,T00001291,1291,382.28000000000003,17,B,,,
MSFT.P.XNAS,XNAS,2025-09-16 13:51:27.100,T00001292,1292,383.5,11,B,,,
MSFT.P.XNAS,XNAS,2025-09-16 13:51:28.000,T00001293,1293,392.52,14,B,,,
MSFT.P.XNAS,XNAS,2025-09-16 13:51:29.200,T00001294,1294,390.21000000000004,19,B,,,
MSFT.P.XNAS,XNAS,2025-09-16 13:51:29.800,T00001295,1295,389.25,16,B,,,
MSFT.P.XNAS,XNAS,2025-09-16 13:51:30.900,T00001296,1296,382.59000000000003,15,S,,,
MSFT.P.XNAS,XNAS,2025-09-16 13:51:32.300,T00001297,1297,389.39,91,B,,,
MSFT.P.XNAS,XNAS,2025-09-16 13:51:36.100,T00001298,1298,386.22,38,B,,,
MSFT.P.XNAS,XNAS,2025-09-16 13:51:38.100,T00001299,1299,385.91,13,S,,,
MSFT.P.XNAS,XNAS,2025-09-16 13:51:38.800,T00001300,1300,386.61,17,S,,,
MSFT.P.XNAS,XNAS,2025-09-16 13:51:38.900,T00001301,1301,386.1,17,S,,,
MSFT.P.XNAS,XNAS,2025-09-16 13:51:39.000,T00001302,1302,384.75,20,B,,,
MSFT.P.XNAS,XNAS,2025-09-16 13:51:41.400,T00001303,1303,372.06,15,B,,,
MSFT.P.XNAS,XNAS,2025-09-16 13:51:42.200,T00001304,1304,372.17,18,B,,,
MSFT.P.XNAS,XNAS,2025-09-16 13:51:46.900,T00001305,1305,363.16,35,B,,,
MSFT.P.XNAS,XNAS,2025-09-16 13:51:47.100,T00001306,1306,363.13,12,S,,,
MSFT.P.XNAS,XNAS,2025-09-16 13:51:50.900,T00001307,1307,363.26,15,S,,,
MSFT.P.XNAS,XNAS,2025-09-16 13:51:52.400,T00001308,1308,358.02,18,S,,,
MSFT.P.XNAS,XNAS,2025-09-16 13:51:53.200,T00001309,1309,363.86,26,S,,,
MSFT.P.XNAS,XNAS,2025-09-16 13:51:53.300,T00001310,1310,365.03000000000003,12,B,,,
MSFT.P.XNAS,XNAS,2025-09-16 13:51:53.600,T00001311,1311,361.66,14,S,,,
MSFT.P.XNAS,XNAS,2025-09-16 13:51:54.900,T00001312,1312,360.1,60,S,,,
MSFT.P.XNAS,XNAS,2025-09-16 13:51:55.100,T00001313,1313,359.11,10,S,,,
MSFT.P.XNAS,XNAS,2025-09-16 13:51:56.500,T00001314,1314,366.01,43,S,,,
MSFT.P.XNAS,XNAS,2025-09-16 13:51:57.100,T00001315,1315,367.08,18,B,,,
MSFT.P.XNAS,XNAS,2025-09-16 13:51:57.800,T00001316,1316,367.71,21,B,,,
MSFT.P.XNAS,XNAS,2025-09-16 13:51:58.900,T00001317,1317,369.16,11,S,,,
MSFT.P.XNAS,XNAS,2025-09-16 13:52:01.000,T00001318,1318,364.32,40,S,,,
MSFT.P.XNAS,XNAS,2025-09-16 13:52:01.100,T00001319,1319,363.79,17,S,,,
MSFT.P.XNAS,XNAS,2025-09-16 13:52:01.600,T00001320,1320,365.78000000000003,22,B,,,
MSFT.P.XNAS,XNAS,2025-09-16 13:52:02.900,T00001321,1321,369.67,13,S,,,
MSFT.P.XNAS,XNAS,2025-09-16 13:52:04.800,T00001322,1322,362.7,23,B,,,
MSFT.P.XNAS,XNAS,2025-09-16 13:52:05.800,T00001323,1323,362.57,14,S,,,
MSFT.P.XNAS,XNAS,2025-09-16 13:52:07.800,T00001324,1324,360.12,14,S,,,
MSFT.P.XNAS,XNAS,2025-09-16 13:52:08.700,T00001325,1325,358.51,18,B,,,
MSFT.P.XNAS,XNAS,2025-09-16 13:52:09.300,T00001326,1326,359.43,14,B,,,
MSFT.P.XNAS,XNAS,2025-09-16 13:52:09.700,T00001327,1327,359.17,30,B,,,
MSFT.P.XNAS,XNAS,2025-09-16 13:52:10.300,T00001328,1328,360.16,27,B,,,
MSFT.P.XNAS,XNAS,2025-09-16 13:52:10.500,T00001329,1329,362.13,19,S,,,
MSFT.P.XNAS,XNAS,2025-09-16 13:52:11.700,T00001330,1330,363.33,23,B,,,
MSFT.P.XNAS,XNAS,2025-09-16 13:52:12.300,T00001331,1331,365.53000000000003,15,B,,,
MSFT.P.XNAS,XNAS,2025-09-16 13:52:13.700,T00001332,1332,376.52,40,B,,,
MSFT.P.XNAS,XNAS,2025-09-16 13:52:13.900,T00001333,1333,376.2,15,B,,,
MSFT.P.XNAS,XNAS,2025-09-16 13:52:14.000,T00001334,1334,376.7,33,S,,,
MSFT.P.XNAS,XNAS,2025-09-16 13:52:14.600,T00001335,1335,374.29,22,S,,,
MSFT.P.XNAS,XNAS,2025-09-16 13:52:14.900,T00001336,1336,371.29,24,S,,,
MSFT.P.XNAS,XNAS,2025-09-16 13:52:16.500,T00001337,1337,381.63,53,S,,,
MSFT.P.XNAS,XNAS,2025-09-16 13:52:17.000,T00001338,1338,382.81,16,B,,,
MSFT.P.XNAS,XNAS,2025-09-16 13:52:17.200,T00001339,1339,383.57,43,S,,,
MSFT.P.XNAS,XNAS,2025-09-16 13:52:17.600,T00001340,1340,378.09,37,B,,,
MSFT.P.XNAS,XNAS,2025-09-16 13:52:21.700,T00001341,1341,389.37,13,S,,,
MSFT.P.XNAS,XNAS,2025-09-16 13:52:21.800,T00001342,1342,388.61,56,S,,,
MSFT.P.XNAS,XNAS,2025-09-16 13:52:22.100,T00001343,1343,384.07,66,S,,,
MSFT.P.XNAS,XNAS,2025-09-16 13:52:23.600,T00001344,1344,395.48,23,B,,,
MSFT.P.XNAS,XNAS,2025-09-16 13:52:23.700,T00001345,1345,394.94,14,S,,,
MSFT.P.XNAS,XNAS,2025-09-16 13:52:23.800,T00001346,1346,397.07,19,B,,,
MSFT.P.XNAS,XNAS,2025-09-16 13:52:24.500,T00001347,1347,394.33,18,B,,,
MSFT.P.XNAS,XNAS,2025-09-16 13:52:24.600,T00001348,1348,395.43,12,B,,,
MSFT.P.XNAS,XNAS,2025-09-16 13:52:24.900,T00001349,1349,391.40000000000003,12,S,,,
MSFT.P.XNAS,XNAS,2025-09-16 13:52:25.600,T00001350,1350,382.67,19,S,,,
MSFT.P.XNAS,XNAS,2025-09-16 13:52:26.600,T00001351,1351,388.13,17,B,,,
MSFT.P.XNAS,XNAS,2025-09-16 13:52:28.000,T00001352,1352,389.13,15,B,,,
MSFT.P.XNAS,XNAS,2025-09-16 13:52:29.800,T00001353,1353,381.51,12,S,,,
MSFT.P.XNAS,XNAS,2025-09-16 13:52:30.800,T00001354,1354,378.58,14,S,,,
MSFT.P.XNAS,XNAS,2025-09-16 13:52:31.300,T00001355,1355,385.34000000000003,44,B,,,
MSFT.P.XNAS,XNAS,2025-09-16 13:52:32.100,T00001356,1356,385.86,45,B,,,
MSFT.P.XNAS,XNAS,2025-09-16 13:52:32.800,T00001357,1357,381.73,37,B,,,
MSFT.P.XNAS,XNAS,2025-09-16 13:52:35.300,T00001358,1358,388.63,6,S,,,
MSFT.P.XNAS,XNAS,2025-09-16 13:52:36.100,T00001359,1359,386.53000000000003,11,S,,,
MSFT.P.XNAS,XNAS,2025-09-16 13:52:36.500,T00001360,1360,385.76,14,S,,,
MSFT.P.XNAS,XNAS,2025-09-16 13:52:37.800,T00001361,1361,387.43,31,S,,,
MSFT.P.XNAS,XNAS,2025-09-16 13:52:41.200,T00001362,1362,401.69,19,S,,,
MSFT.P.XNAS,XNAS,2025-09-16 13:52:42.700,T00001363,1363,387.29,15,S,,,
MSFT.P.XNAS,XNAS,2025-09-16 13:52:45.000,T00001364,1364,383.72,21,S,,,
MSFT.P.XNAS,XNAS,2025-09-16 13:52:47.800,T00001365,1365,387.12,40,S,,,
MSFT.P.XNAS,XNAS,2025-09-16 13:52:48.600,T00001366,1366,390.26,11,B,,,
MSFT.P.XNAS,XNAS,2025-09-16 13:52:48.800,T00001367,1367,388.73,32,B,,,
MSFT.P.XNAS,XNAS,2025-09-16 13:52:49.200,T00001368,1368,390.67,15,B,,,
MSFT.P.XNAS,XNAS,2025-09-16 13:52:49.800,T00001369,1369,392.38,55,S,,,
MSFT.P.XNAS,XNAS,2025-09-16 13:52:51.600,T00001370,1370,393.92,11,S,,,
MSFT.P.XNAS,XNAS,2025-09-16 13:52:52.000,T00001371,1371,385.5,24,S,,,
MSFT.P.XNAS,XNAS,2025-09-16 13:52:52.700,T00001372,1372,390.43,28,B,,,
MSFT.P.XNAS,XNAS,2025-09-16 13:52:52.900,T00001373,1373,391.19,22,B,,,
MSFT.P.XNAS,XNAS,2025-09-16 13:52:53.000,T00001374,1374,390.92,56,S,,,
MSFT.P.XNAS,XNAS,2025-09-16 13:52:53.100,T00001375,1375,391.52,12,S,,,
MSFT.P.XNAS,XNAS,2025-09-16 13:52:55.500,T00001376,1376,376.51,10,S,,,
MSFT.P.XNAS,XNAS,2025-09-16 13:52:55.800,T00001377,1377,373.44,20,B,,,
MSFT.P.XNAS,XNAS,2025-09-16 13:52:56.300,T00001378,1378,375.44,32,B,,,
MSFT.P.XNAS,XNAS,2025-09-16 13:52:56.400,T00001379,1379,376.14,18,B,,,
MSFT.P.XNAS,XNAS,2025-09-16 13:53:00.800,T00001380,1380,381.26,31,B,,,
MSFT.P.XNAS,XNAS,2025-09-16 13:53:01.200,T00001381,1381,384.11,22,S,,,
MSFT.P.XNAS,XNAS,2025-09-16 13:53:02.800,T00001382,1382,369.72,11,S,,,
MSFT.P.XNAS,XNAS,2025-09-16 13:53:03.100,T00001383,1383,371.29,21,S,,,
MSFT.P.XNAS,XNAS,2025-09-16 13:53:04.400,T00001384,1384,375.99,12,S,,,
MSFT.P.XNAS,XNAS,2025-09-16 13:53:07.700,T00001385,1385,368.46,19,S,,,
MSFT.P.XNAS,XNAS,2025-09-16 13:53:07.900,T00001386,1386,367.27,14,S,,,
MSFT.P.XNAS,XNAS,2025-09-16 13:53:08.000,T00001387,1387,368.24,19,B,,,
MSFT.P.XNAS,XNAS,2025-09-16 13:53:08.500,T00001388,1388,367.16,14,B,,,
MSFT.P.XNAS,XNAS,2025-09-16 13:53:08.600,T00001389,1389,366.6,15,S,,,
MSFT.P.XNAS,XNAS,2025-09-16 13:53:12.200,T00001390,1390,384.21000000000004,10,B,,,
MSFT.P.XNAS,XNAS,2025-09-16 13:53:12.500,T00001391,1391,385.46000000000004,14,B,,,
MSFT.P.XNAS,XNAS,2025-09-16 13:53:13.100,T00001392,1392,381.34000000000003,21,B,,,
MSFT.P.XNAS,XNAS,2025-09-16 13:53:13.800,T00001393,1393,382.19,27,S,,,
MSFT.P.XNAS,XNAS,2025-09-16 13:53:16.900,T00001394,1394,383.81,16,B,,,
MSFT.P.XNAS,XNAS,2025-09-16 13:53:17.000,T00001395,1395,382.93,8,S,,,
MSFT.P.XNAS,XNAS,2025-09-16 13:53:20.100,T00001396,1396,376.09,19,B,,,
MSFT.P.XNAS,XNAS,2025-09-16 13:53:20.800,T00001397,1397,375.71,14,B,,,
