instrument_id,venue,ts_event,trade_id,event_seq,price,quantity,aggressor_side,trade_condition,buyer_id,seller_id
SPY.P.ARCA,ARCA,2025-09-16 13:30:00.300,T00000000,0,447.94,10,B,,,
SPY.P.ARCA,ARCA,2025-09-16 13:30:00.800,T00000001,1,451.05,10,B,,,
SPY.P.ARCA,ARCA,2025-09-16 13:30:01.900,T00000002,2,445.11,24,B,,,
SPY.P.ARCA,ARCA,2025-09-16 13:30:02.600,T00000003,3,444.41,26,B,,,
SPY.P.ARCA,ARCA,2025-09-16 13:30:05.100,T00000004,4,442.41,16,S,,,
SPY.P.ARCA,ARCA,2025-09-16 13:30:05.200,T00000005,5,443.59000000000003,17,B,,,
SPY.P.ARCA,ARCA,2025-09-16 13:30:05.800,T00000006,6,441.71000000000004,49,B,,,
SPY.P.ARCA,ARCA,2025-09-16 13:30:06.500,T00000007,7,442.85,15,S,,,
SPY.P.ARCA,ARCA,2025-09-16 13:30:07.000,T00000008,8,440.59000000000003,17,S,,,
SPY.P.ARCA,ARCA,2025-09-16 13:30:09.300,T00000009,9,442.78000000000003,32,B,,,
SPY.P.ARCA,ARCA,2025-09-16 13:30:11.300,T00000010,10,443.45,20,S,,,
SPY.P.ARCA,ARCA,2025-09-16 13:30:12.100,T00000011,11,443.92,31,S,,,
SPY.P.ARCA,ARCA,2025-09-16 13:30:15.900,T00000012,12,447.56,11,S,,,
SPY.P.ARCA,ARCA,2025-09-16 13:30:16.500,T00000013,13,450.67,168,B,,,
SPY.P.ARCA,ARCA,2025-09-16 13:30:16.600,T00000014,14,451.05,21,B,,,
SPY.P.ARCA,ARCA,2025-09-16 13:30:17.100,T00000015,15,450.91,29,B,,,
SPY.P.ARCA,ARCA,2025-09-16 13:30:17.900,T00000016,16,448.49,62,B,,,
SPY.P.ARCA,ARCA,2025-09-16 13:30:19.200,T00000017,17,453.39,21,B,,,
SPY.P.ARCA,ARCA,2025-09-16 13:30:20.900,T00000018,18,451.78000000000003,11,S,,,
SPY.P.ARCA,ARCA,2025-09-16 13:30:21.000,T00000019,19,452.91,12,B,,,
SPY.P.ARCA,ARCA,2025-09-16 13:30:21.100,T00000020,20,453.57,14,B,,,
SPY.P.ARCA,ARCA,2025-09-16 13:30:21.200,T00000021,21,451.86,35,S,,,
SPY.P.ARCA,ARCA,2025-09-16 13:30:23.200,T00000022,22,447.75,64,S,,,
SPY.P.ARCA,ARCA,2025-09-16 13:30:23.300,T00000023,23,446.84000000000003,123,S,,,
SPY.P.ARCA,ARCA,2025-09-16 13:30:24.000,T00000024,24,441.67,84,S,,,
SPY.P.ARCA,ARCA,2025-09-16 13:30:24.700,T00000025,25,439.67,20,S,,,
SPY.P.ARCA,ARCA,2025-09-16 13:30:24.800,T00000026,26,439.18,31,S,,,
SPY.P.ARCA,ARCA,2025-09-16 13:30:24.900,T00000027,27,439.42,69,B,,,
SPY.P.ARCA,ARCA,2025-09-16 13:30:25.300,T00000028,28,440.78000000000003,19,B,,,
SPY.P.ARCA,ARCA,2025-09-16 13:30:25.900,T00000029,29,444.11,91,B,,,
SPY.P.ARCA,ARCA,2025-09-16 13:30:26.900,T00000030,30,440.97,54,S,,,
SPY.P.ARCA,ARCA,2025-09-16 13:30:27.000,T00000031,31,442.16,68,S,,,
SPY.P.ARCA,ARCA,2025-09-16 13:30:28.000,T00000032,32,441.82,16,S,,,
SPY.P.ARCA,ARCA,2025-09-16 13:30:30.700,T00000033,33,442.89,14,B,,,
SPY.P.ARCA,ARCA,2025-09-16 13:30:32.400,T00000034,34,444.21000000000004,13,B,,,
SPY.P.ARCA,ARCA,2025-09-16 13:30:35.400,T00000035,35,450.76,15,B,,,
SPY.P.ARCA,ARCA,2025-09-16 13:30:35.600,T00000036,36,451.64,59,S,,,
SPY.P.ARCA,ARCA,2025-09-16 13:30:36.500,T00000037,37,454.63,25,B,,,
SPY.P.ARCA,ARCA,2025-09-16 13:30:37.600,T00000038,38,460.69,10,S,,,
SPY.P.ARCA,ARCA,2025-09-16 13:30:40.900,T00000039,39,451.83,11,S,,,
SPY.P.ARCA,ARCA,2025-09-16 13:30:41.200,T00000040,40,452.86,16,B,,,
SPY.P.ARCA,ARCA,2025-09-16 13:30:41.700,T00000041,41,453.53000000000003,10,B,,,
SPY.P.ARCA,ARCA,2025-09-16 13:30:42.700,T00000042,42,450.56,14,B,,,
SPY.P.ARCA,ARCA,2025-09-16 13:30:44.000,T00000043,43,448.44,25,S,,,
SPY.P.ARCA,ARCA,2025-09-16 13:30:44.200,T00000044,44,446.83,26,S,,,
SPY.P.ARCA,ARCA,2025-09-16 13:30:44.800,T00000045,45,450.25,14,S,,,
SPY.P.ARCA,ARCA,2025-09-16 13:30:45.100,T00000046,46,450.91,12,S,,,
SPY.P.ARCA,ARCA,2025-09-16 13:30:46.600,T00000047,47,445.38,10,B,,,
SPY.P.ARCA,ARCA,2025-09-16 13:30:47.000,T00000048,48,445.25,59,B,,,
SPY.P.ARCA,ARCA,2025-09-16 13:30:48.800,T00000049,49,440.94,64,S,,,
SPY.P.ARCA,ARCA,2025-09-16 13:30:49.400,T00000050,50,438.56,58,B,,,
SPY.P.ARCA,ARCA,2025-09-16 13:30:49.900,T00000051,51,437.84,15,B,,,
SPY.P.ARCA,ARCA,2025-09-16 13:30:50.900,T00000052,52,439.73,16,S,,,
SPY.P.ARCA,ARCA,2025-09-16 13:30:52.700,T00000053,53,442.1,11,S,,,
SPY.P.ARCA,ARCA,2025-09-16 13:30:53.100,T00000054,54,444.94,27,B,,,
SPY.P.ARCA,ARCA,2025-09-16 13:30:55.700,T00000055,55,438.73,24,B,,,
SPY.P.ARCA,ARCA,2025-09-16 13:30:56.900,T00000056,56,446.74,11,S,,,
SPY.P.ARCA,ARCA,2025-09-16 13:30:58.000,T00000057,57,442.21000000000004,18,S,,,
SPY.P.ARCA,ARCA,2025-09-16 13:30:58.100,T00000058,58,440.16,20,B,,,
SPY.P.ARCA,ARCA,2025-09-16 13:30:59.200,T00000059,59,440.62,17,B,,,
SPY.P.ARCA,ARCA,2025-09-16 13:30:59.900,T00000060,60,447.66,41,S,,,
SPY.P.ARCA,ARCA,2025-09-16 13:31:00.200,T00000061,61,446.2,15,S,,,
SPY.P.ARCA,ARCA,2025-09-16 13:31:02.300,T00000062,62,443.17,14,S,,,
SPY.P.ARCA,ARCA,2025-09-16 13:31:05.100,T00000063,63,434.77,43,S,,,
SPY.P.ARCA,ARCA,2025-09-16 13:31:05.600,T00000064,64,439.51,12,B,,,
SPY.P.ARCA,ARCA,2025-09-16 13:31:06.800,T00000065,65,446.47,13,B,,,
SPY.P.ARCA,ARCA,2025-09-16 13:31:07.600,T00000066,66,443.54,19,B,,,
SPY.P.ARCA,ARCA,2025-09-16 13:31:08.200,T00000067,67,442.28,44,B,,,
SPY.P.ARCA,ARCA,2025-09-16 13:31:08.300,T00000068,68,442.42,12,S,,,
SPY.P.ARCA,ARCA,2025-09-16 13:31:08.600,T00000069,69,442.74,42,B,,,
SPY.P.ARCA,ARCA,2025-09-16 13:31:08.700,T00000070,70,442.54,12,B,,,
SPY.P.ARCA,ARCA,2025-09-16 13:31:09.200,T00000071,71,445.03000000000003,11,S,,,
SPY.P.ARCA,ARCA,2025-09-16 13:31:09.700,T00000072,72,444.34000000000003,67,S,,,
SPY.P.ARCA,ARCA,2025-09-16 13:31:09.900,T00000073,73,446.68,32,B,,,
SPY.P.ARCA,ARCA,2025-09-16 13:31:10.400,T00000074,74,447.23,11,S,,,
SPY.P.ARCA,ARCA,2025-09-16 13:31:11.500,T00000075,75,450.24,13,B,,,
SPY.P.ARCA,ARCA,2025-09-16 13:31:11.600,T00000076,76,450.92,11,S,,,
SPY.P.ARCA,ARCA,2025-09-16 13:31:11.800,T00000077,77,452.08,33,B,,,
SPY.P.ARCA,ARCA,2025-09-16 13:31:14.700,T00000078,78,456.12,12,B,,,
SPY.P.ARCA,ARCA,2025-09-16 13:31:16.000,T00000079,79,449.91,11,S,,,
SPY.P.ARCA,ARCA,2025-09-16 13:31:16.100,T00000080,80,450.59000000000003,11,S,,,
SPY.P.ARCA,ARCA,2025-09-16 13:31:16.300,T00000081,81,451.52,35,B,,,
SPY.P.ARCA,ARCA,2025-09-16 13:31:18.700,T00000082,82,452.44,10,S,,,
SPY.P.ARCA,ARCA,2025-09-16 13:31:21.900,T00000083,83,440.53000000000003,16,S,,,
SPY.P.ARCA,ARCA,2025-09-16 13:31:23.200,T00000084,84,444.77,36,S,,,
SPY.P.ARCA,ARCA,2025-09-16 13:31:24.300,T00000085,85,443.41,26,S,,,
SPY.P.ARCA,ARCA,2025-09-16 13:31:25.900,T00000086,86,448.21000000000004,43,S,,,
SPY.P.ARCA,ARCA,2025-09-16 13:31:27.700,T00000087,87,450.72,11,S,,,
SPY.P.ARCA,ARCA,2025-09-16 13:31:28.800,T00000088,88,450.88,61,S,,,
SPY.P.ARCA,ARCA,2025-09-16 13:31:29.600,T00000089,89,449.57,14,B,,,
SPY.P.ARCA,ARCA,2025-09-16 13:31:31.300,T00000090,90,449.92,15,S,,,
SPY.P.ARCA,ARCA,2025-09-16 13:31:31.800,T00000091,91,453.91,36,B,,,
SPY.P.ARCA,ARCA,2025-09-16 13:31:34.100,T00000092,92,451.13,67,B,,,
SPY.P.ARCA,ARCA,2025-09-16 13:31:35.300,T00000093,93,450.01,13,B,,,
SPY.P.ARCA,ARCA,2025-09-16 13:31:36.300,T00000094,94,449.67,19,B,,,
SPY.P.ARCA,ARCA,2025-09-16 13:31:39.000,T00000095,95,455.79,18,B,,,
SPY.P.ARCA,ARCA,2025-09-16 13:31:39.200,T00000096,96,454.0,67,S,,,
SPY.P.ARCA,ARCA,2025-09-16 13:31:39.400,T00000097,97,454.37,29,B,,,
SPY.P.ARCA,ARCA,2025-09-16 13:31:39.500,T00000098,98,452.56,11,S,,,
SPY.P.ARCA,ARCA,2025-09-16 13:31:39.700,T00000099,99,454.03000000000003,38,B,,,
SPY.P.ARCA,ARCA,2025-09-16 13:31:39.800,T00000100,100,453.12,14,S,,,
SPY.P.ARCA,ARCA,2025-09-16 13:31:39.900,T00000101,101,456.0,46,B,,,
SPY.P.ARCA,ARCA,2025-09-16 13:31:41.000,T00000102,102,449.5,14,B,,,
SPY.P.ARCA,ARCA,2025-09-16 13:31:41.100,T00000103,103,448.72,10,B,,,
SPY.P.ARCA,ARCA,2025-09-16 13:31:43.400,T00000104,104,448.2,14,S,,,
SPY.P.ARCA,ARCA,2025-09-16 13:31:43.800,T00000105,105,449.34000000000003,15,S,,,
SPY.P.ARCA,ARCA,2025-09-16 13:31:44.200,T00000106,106,446.73,11,S,,,
SPY.P.ARCA,ARCA,2025-09-16 13:31:44.700,T00000107,107,444.53000000000003,85,S,,,
SPY.P.ARCA,ARCA,2025-09-16 13:31:45.400,T00000108,108,448.49,16,B,,,
SPY.P.ARCA,ARCA,2025-09-16 13:31:46.100,T00000109,109,448.01,15,S,,,
SPY.P.ARCA,ARCA,2025-09-16 13:31:46.300,T00000110,110,447.62,16,B,,,
SPY.P.ARCA,ARCA,2025-09-16 13:31:47.500,T00000111,111,446.08,12,S,,,
SPY.P.ARCA,ARCA,2025-09-16 13:31:49.000,T00000112,112,445.06,77,S,,,
SPY.P.ARCA,ARCA,2025-09-16 13:31:49.600,T00000113,113,443.09000000000003,32,S,,,
SPY.P.ARCA,ARCA,2025-09-16 13:31:49.900,T00000114,114,445.58,26,S,,,
SPY.P.ARCA,ARCA,2025-09-16 13:31:51.800,T00000115,115,453.94,22,B,,,
SPY.P.ARCA,ARCA,2025-09-16 13:31:52.800,T00000116,116,454.52,11,S,,,
SPY.P.ARCA,ARCA,2025-09-16 13:31:54.400,T00000117,117,448.93,11,S,,,
SPY.P.ARCA,ARCA,2025-09-16 13:31:55.300,T00000118,118,449.85,30,S,,,
SPY.P.ARCA,ARCA,2025-09-16 13:31:56.100,T00000119,119,447.43,16,S,,,
SPY.P.ARCA,ARCA,2025-09-16 13:31:56.600,T00000120,120,450.34000000000003,16,B,,,
SPY.P.ARCA,ARCA,2025-09-16 13:31:58.100,T00000121,121,451.45000000000005,15,S,,,
SPY.P.ARCA,ARCA,2025-09-16 13:31:58.400,T00000122,122,453.84000000000003,30,S,,,
SPY.P.ARCA,ARCA,2025-09-16 13:31:59.200,T00000123,123,457.89,16,B,,,
SPY.P.ARCA,ARCA,2025-09-16 13:31:59.800,T00000124,124,459.05,12,B,,,
SPY.P.ARCA,ARCA,2025-09-16 13:32:00.100,T00000125,125,460.64,18,B,,,
SPY.P.ARCA,ARCA,2025-09-16 13:32:00.200,T00000126,126,459.69,30,S,,,
SPY.P.ARCA,ARCA,2025-09-16 13:32:01.400,T00000127,127,457.27,10,S,,,
SPY.P.ARCA,ARCA,2025-09-16 13:32:01.700,T00000128,128,456.64,24,B,,,
SPY.P.ARCA,ARCA,2025-09-16 13:32:02.000,T00000129,129,456.85,24,B,,,
SPY.P.ARCA,ARCA,2025-09-16 13:32:02.200,T00000130,130,456.35,26,S,,,
SPY.P.ARCA,ARCA,2025-09-16 13:32:02.300,T00000131,131,457.18,12,S,,,
SPY.P.ARCA,ARCA,2025-09-16 13:32:02.600,T00000132,132,457.8,32,S,,,
SPY.P.ARCA,ARCA,2025-09-16 13:32:03.200,T00000133,133,457.70000000000005,98,S,,,
SPY.P.ARCA,ARCA,2025-09-16 13:32:08.800,T00000134,134,452.74,30,S,,,
SPY.P.ARCA,ARCA,2025-09-16 13:32:09.200,T00000135,135,450.39,18,S,,,
SPY.P.ARCA,ARCA,2025-09-16 13:32:09.300,T00000136,136,450.64,14,B,,,
SPY.P.ARCA,ARCA,2025-09-16 13:32:09.500,T00000137,137,448.62,16,B,,,
SPY.P.ARCA,ARCA,2025-09-16 13:32:09.700,T00000138,138,447.67,20,B,,,
SPY.P.ARCA,ARCA,2025-09-16 13:32:09.900,T00000139,139,447.62,18,B,,,
SPY.P.ARCA,ARCA,2025-09-16 13:32:10.000,T00000140,140,444.38,11,S,,,
SPY.P.ARCA,ARCA,2025-09-16 13:32:10.500,T00000141,141,442.8,14,B,,,
SPY.P.ARCA,ARCA,2025-09-16 13:32:11.100,T00000142,142,449.22,10,B,,,
SPY.P.ARCA,ARCA,2025-09-16 13:32:11.400,T00000143,143,447.26,12,S,,,
SPY.P.ARCA,ARCA,2025-09-16 13:32:12.200,T00000144,144,448.67,9,S,,,
SPY.P.ARCA,ARCA,2025-09-16 13:32:14.300,T00000145,145,450.48,37,B,,,
SPY.P.ARCA,ARCA,2025-09-16 13:32:15.000,T00000146,146,448.29,70,B,,,
SPY.P.ARCA,ARCA,2025-09-16 13:32:16.000,T00000147,147,454.08,22,S,,,
SPY.P.ARCA,ARCA,2025-09-16 13:32:16.900,T00000148,148,456.19,19,B,,,
SPY.P.ARCA,ARCA,2025-09-16 13:32:18.400,T00000149,149,447.59000000000003,20,S,,,
SPY.P.ARCA,ARCA,2025-09-16 13:32:19.100,T00000150,150,447.57,24,B,,,
SPY.P.ARCA,ARCA,2025-09-16 13:32:19.200,T00000151,151,448.57,27,B,,,
SPY.P.ARCA,ARCA,2025-09-16 13:32:22.100,T00000152,152,449.45,29,B,,,
SPY.P.ARCA,ARCA,2025-09-16 13:32:22.600,T00000153,153,447.18,20,S,,,
SPY.P.ARCA,ARCA,2025-09-16 13:32:24.000,T00000154,154,445.63,17,B,,,
SPY.P.ARCA,ARCA,2025-09-16 13:32:29.800,T00000155,155,452.62,95,B,,,
SPY.P.ARCA,ARCA,2025-09-16 13:32:31.500,T00000156,156,455.05,13,S,,,
SPY.P.ARCA,ARCA,2025-09-16 13:32:31.700,T00000157,157,453.58,57,S,,,
SPY.P.ARCA,ARCA,2025-09-16 13:32:31.900,T00000158,158,450.3,13,S,,,
SPY.P.ARCA,ARCA,2025-09-16 13:32:34.500,T00000159,159,447.52,14,S,,,
SPY.P.ARCA,ARCA,2025-09-16 13:32:35.100,T00000160,160,442.08,10,B,,,
SPY.P.ARCA,ARCA,2025-09-16 13:32:36.100,T00000161,161,444.56,136,B,,,
SPY.P.ARCA,ARCA,2025-09-16 13:32:37.300,T00000162,162,446.98,8,B,,,
SPY.P.ARCA,ARCA,2025-09-16 13:32:39.000,T00000163,163,441.97,19,S,,,
SPY.P.ARCA,ARCA,2025-09-16 13:32:39.200,T00000164,164,443.71000000000004,17,B,,,
SPY.P.ARCA,ARCA,2025-09-16 13:32:39.400,T00000165,165,443.64,47,B,,,
SPY.P.ARCA,ARCA,2025-09-16 13:32:40.200,T00000166,166,450.3,24,B,,,
SPY.P.ARCA,ARCA,2025-09-16 13:32:41.200,T00000167,167,452.09000000000003,38,B,,,
SPY.P.ARCA,ARCA,2025-09-16 13:32:43.300,T00000168,168,450.23,19,B,,,
SPY.P.ARCA,ARCA,2025-09-16 13:32:45.500,T00000169,169,450.0,15,S,,,
SPY.P.ARCA,ARCA,2025-09-16 13:32:46.100,T00000170,170,446.88,26,B,,,
SPY.P.ARCA,ARCA,2025-09-16 13:32:48.900,T00000171,171,453.63,27,S,,,
SPY.P.ARCA,ARCA,2025-09-16 13:32:50.900,T00000172,172,449.0,26,B,,,
SPY.P.ARCA,ARCA,2025-09-16 13:32:52.300,T00000173,173,445.14,46,B,,,
SPY.P.ARCA,ARCA,2025-09-16 13:32:52.500,T00000174,174,446.85,38,B,,,
SPY.P.ARCA,ARCA,2025-09-16 13:32:54.000,T00000175,175,444.97,16,B,,,
SPY.P.ARCA,ARCA,2025-09-16 13:32:54.400,T00000176,176,448.15000000000003,12,B,,,
SPY.P.ARCA,ARCA,2025-09-16 13:32:54.700,T00000177,177,453.63,10,B,,,
SPY.P.ARCA,ARCA,2025-09-16 13:32:55.500,T00000178,178,452.39000000000004,13,S,,,
SPY.P.ARCA,ARCA,2025-09-16 13:32:55.700,T00000179,179,451.83,16,S,,,
SPY.P.ARCA,ARCA,2025-09-16 13:32:55.900,T00000180,180,451.55,22,B,,,
SPY.P.ARCA,ARCA,2025-09-16 13:32:57.400,T00000181,181,449.28000000000003,8,S,,,
SPY.P.ARCA,ARCA,2025-09-16 13:33:01.000,T00000182,182,439.24,18,B,,,
SPY.P.ARCA,ARCA,2025-09-16 13:33:01.700,T00000183,183,438.72,14,S,,,
SPY.P.ARCA,ARCA,2025-09-16 13:33:02.600,T00000184,184,439.62,28,B,,,
SPY.P.ARCA,ARCA,2025-09-16 13:33:02.800,T00000185,185,439.63,17,S,,,
SPY.P.ARCA,ARCA,2025-09-16 13:33:02.900,T00000186,186,439.24,14,S,,,
SPY.P.ARCA,ARCA,2025-09-16 13:33:03.000,T00000187,187,436.75,11,S,,,
SPY.P.ARCA,ARCA,2025-09-16 13:33:04.500,T00000188,188,442.88,8,B,,,
SPY.P.ARCA,ARCA,2025-09-16 13:33:06.400,T00000189,189,438.07,22,B,,,
SPY.P.ARCA,ARCA,2025-09-16 13:33:06.700,T00000190,190,440.53000000000003,97,B,,,
SPY.P.ARCA,ARCA,2025-09-16 13:33:07.300,T00000191,191,441.2,13,S,,,
SPY.P.ARCA,ARCA,2025-09-16 13:33:08.700,T00000192,192,447.17,16,S,,,
SPY.P.ARCA,ARCA,2025-09-16 13:33:09.000,T00000193,193,447.82,64,B,,,
SPY.P.ARCA,ARCA,2025-09-16 13:33:10.500,T00000194,194,450.98,77,S,,,
SPY.P.ARCA,ARCA,2025-09-16 13:33:12.300,T00000195,195,451.17,17,S,,,
SPY.P.ARCA,ARCA,2025-09-16 13:33:12.800,T00000196,196,450.09000000000003,23,S,,,
SPY.P.ARCA,ARCA,2025-09-16 13:33:13.800,T00000197,197,449.14,15,B,,,
SPY.P.ARCA,ARCA,2025-09-16 13:33:15.300,T00000198,198,450.26,175,B,,,
SPY.P.ARCA,ARCA,2025-09-16 13:33:16.000,T00000199,199,447.41,12,S,,,
SPY.P.ARCA,ARCA,2025-09-16 13:33:17.000,T00000200,200,447.53000000000003,27,S,,,
SPY.P.ARCA,ARCA,2025-09-16 13:33:17.300,T00000201,201,449.98,112,B,,,
SPY.P.ARCA,ARCA,2025-09-16 13:33:19.300,T00000202,202,450.73,29,S,,,
SPY.P.ARCA,ARCA,2025-09-16 13:33:20.200,T00000203,203,449.17,55,B,,,
SPY.P.ARCA,ARCA,2025-09-16 13:33:22.300,T00000204,204,450.18,32,B,,,
SPY.P.ARCA,ARCA,2025-09-16 13:33:23.700,T00000205,205,444.89,70,B,,,
SPY.P.ARCA,ARCA,2025-09-16 13:33:25.200,T00000206,206,440.1,35,S,,,
SPY.P.ARCA,ARCA,2025-09-16 13:33:27.900,T00000207,207,443.99,46,B,,,
SPY.P.ARCA,ARCA,2025-09-16 13:33:28.000,T00000208,208,443.3,11,B,,,
SPY.P.ARCA,ARCA,2025-09-16 13:33:28.300,T00000209,209,445.65000000000003,105,B,,,
SPY.P.ARCA,ARCA,2025-09-16 13:33:28.900,T00000210,210,448.86,21,B,,,
SPY.P.ARCA,ARCA,2025-09-16 13:33:30.300,T00000211,211,455.27,25,S,,,
SPY.P.ARCA,ARCA,2025-09-16 13:33:31.000,T00000212,212,457.99,16,B,,,
SPY.P.ARCA,ARCA,2025-09-16 13:33:31.500,T00000213,213,459.61,82,B,,,
SPY.P.ARCA,ARCA,2025-09-16 13:33:32.400,T00000214,214,460.15000000000003,53,B,,,
SPY.P.ARCA,ARCA,2025-09-16 13:33:33.100,T00000215,215,456.26,84,S,,,
SPY.P.ARCA,ARCA,2025-09-16 13:33:34.700,T00000216,216,455.0,37,S,,,
SPY.P.ARCA,ARCA,2025-09-16 13:33:34.800,T00000217,217,454.62,10,S,,,
SPY.P.ARCA,ARCA,2025-09-16 13:33:34.900,T00000218,218,454.39,61,B,,,
SPY.P.ARCA,ARCA,2025-09-16 13:33:35.400,T00000219,219,451.17,16,B,,,
SPY.P.ARCA,ARCA,2025-09-16 13:33:35.700,T00000220,220,445.8,38,S,,,
SPY.P.ARCA,ARCA,2025-09-16 13:33:37.100,T00000221,221,446.85,37,B,,,
SPY.P.ARCA,ARCA,2025-09-16 13:33:38.600,T00000222,222,448.61,74,B,,,
SPY.P.ARCA,ARCA,2025-09-16 13:33:39.200,T00000223,223,449.3,14,S,,,
SPY.P.ARCA,ARCA,2025-09-16 13:33:40.300,T00000224,224,453.15000000000003,11,B,,,
SPY.P.ARCA,ARCA,2025-09-16 13:33:42.800,T00000225,225,461.33,10,B,,,
SPY.P.ARCA,ARCA,2025-09-16 13:33:43.600,T00000226,226,457.31,16,S,,,
SPY.P.ARCA,ARCA,2025-09-16 13:33:44.000,T00000227,227,452.89,30,B,,,
SPY.P.ARCA,ARCA,2025-09-16 13:33:44.300,T00000228,228,450.66,11,S,,,
SPY.P.ARCA,ARCA,2025-09-16 13:33:46.000,T00000229,229,453.7,11,S,,,
SPY.P.ARCA,ARCA,2025-09-16 13:33:46.500,T00000230,230,454.13,29,B,,,
SPY.P.ARCA,ARCA,2025-09-16 13:33:49.000,T00000231,231,450.28000000000003,24,B,,,
SPY.P.ARCA,ARCA,2025-09-16 13:33:51.700,T00000232,232,451.15000000000003,26,S,,,
SPY.P.ARCA,ARCA,2025-09-16 13:33:52.000,T00000233,233,455.3,37,S,,,
SPY.P.ARCA,ARCA,2025-09-16 13:33:53.500,T00000234,234,446.49,12,B,,,
SPY.P.ARCA,ARCA,2025-09-16 13:33:55.000,T00000235,235,450.19,17,B,,,
SPY.P.ARCA,ARCA,2025-09-16 13:33:55.400,T00000236,236,448.55,18,S,,,
SPY.P.ARCA,ARCA,2025-09-16 13:33:55.600,T00000237,237,445.36,29,S,,,
SPY.P.ARCA,ARCA,2025-09-16 13:33:57.300,T00000238,238,449.26,24,B,,,
SPY.P.ARCA,ARCA,2025-09-16 13:33:59.700,T00000239,239,447.4,56,B,,,
SPY.P.ARCA,ARCA,2025-09-16 13:34:01.200,T00000240,240,442.72,16,B,,,
SPY.P.ARCA,ARCA,2025-09-16 13:34:01.900,T00000241,241,444.21000000000004,16,S,,,
SPY.P.ARCA,ARCA,2025-09-16 13:34:03.200,T00000242,242,441.82,77,B,,,
SPY.P.ARCA,ARCA,2025-09-16 13:34:03.500,T00000243,243,440.38,11,B,,,
SPY.P.ARCA,ARCA,2025-09-16 13:34:04.500,T00000244,244,440.81,52,B,,,
SPY.P.ARCA,ARCA,2025-09-16 13:34:04.800,T00000245,245,440.62,44,B,,,
SPY.P.ARCA,ARCA,2025-09-16 13:34:06.000,T00000246,246,442.68,19,B,,,
SPY.P.ARCA,ARCA,2025-09-16 13:34:06.400,T00000247,247,443.08,11,S,,,
SPY.P.ARCA,ARCA,2025-09-16 13:34:08.300,T00000248,248,444.57,34,B,,,
SPY.P.ARCA,ARCA,2025-09-16 13:34:08.500,T00000249,249,444.41,20,B,,,
SPY.P.ARCA,ARCA,2025-09-16 13:34:09.200,T00000250,250,446.95,68,B,,,
SPY.P.ARCA,ARCA,2025-09-16 13:34:09.300,T00000251,251,446.71000000000004,11,S,,,
SPY.P.ARCA,ARCA,2025-09-16 13:34:11.300,T00000252,252,453.22,19,S,,,
SPY.P.ARCA,ARCA,2025-09-16 13:34:12.000,T00000253,253,455.67,12,S,,,
SPY.P.ARCA,ARCA,2025-09-16 13:34:12.300,T00000254,254,455.68,33,S,,,
SPY.P.ARCA,ARCA,2025-09-16 13:34:13.600,T00000255,255,449.33,10,S,,,
SPY.P.ARCA,ARCA,2025-09-16 13:34:13.800,T00000256,256,447.94,30,S,,,
SPY.P.ARCA,ARCA,2025-09-16 13:34:14.600,T00000257,257,446.42,11,S,,,
SPY.P.ARCA,ARCA,2025-09-16 13:34:14.800,T00000258,258,446.61,47,B,,,
SPY.P.ARCA,ARCA,2025-09-16 13:34:15.000,T00000259,259,443.87,60,S,,,
SPY.P.ARCA,ARCA,2025-09-16 13:34:16.700,T00000260,260,445.37,38,B,,,
SPY.P.ARCA,ARCA,2025-09-16 13:34:17.400,T00000261,261,444.74,36,S,,,
SPY.P.ARCA,ARCA,2025-09-16 13:34:20.400,T00000262,262,448.97,18,B,,,
SPY.P.ARCA,ARCA,2025-09-16 13:34:22.000,T00000263,263,449.22,31,S,,,
SPY.P.ARCA,ARCA,2025-09-16 13:34:23.800,T00000264,264,454.27000000000004,141,S,,,
SPY.P.ARCA,ARCA,2025-09-16 13:34:24.800,T00000265,265,452.47,40,B,,,
SPY.P.ARCA,ARCA,2025-09-16 13:34:25.000,T00000266,266,449.97,54,B,,,
SPY.P.ARCA,ARCA,2025-09-16 13:34:25.500,T00000267,267,449.69,16,S,,,
SPY.P.ARCA,ARCA,2025-09-16 13:34:25.800,T00000268,268,451.05,33,S,,,
SPY.P.ARCA,ARCA,2025-09-16 13:34:26.000,T00000269,269,449.77,29,B,,,
SPY.P.ARCA,ARCA,2025-09-16 13:34:27.400,T00000270,270,447.81,15,B,,,
SPY.P.ARCA,ARCA,2025-09-16 13:34:32.400,T00000271,271,458.40000000000003,16,B,,,
SPY.P.ARCA,ARCA,2025-09-16 13:34:33.200,T00000272,272,460.40000000000003,23,S,,,
SPY.P.ARCA,ARCA,2025-09-16 13:34:33.300,T00000273,273,461.1,16,B,,,
SPY.P.ARCA,ARCA,2025-09-16 13:34:33.500,T00000274,274,459.78000000000003,17,B,,,
SPY.P.ARCA,ARCA,2025-09-16 13:34:34.300,T00000275,275,456.69,27,B,,,
SPY.P.ARCA,ARCA,2025-09-16 13:34:34.900,T00000276,276,457.49,20,B,,,
SPY.P.ARCA,ARCA,2025-09-16 13:34:35.400,T00000277,277,457.08,15,S,,,
SPY.P.ARCA,ARCA,2025-09-16 13:34:38.800,T00000278,278,448.13,13,S,,,
SPY.P.ARCA,ARCA,2025-09-16 13:34:40.200,T00000279,279,446.21000000000004,18,B,,,
SPY.P.ARCA,ARCA,2025-09-16 13:34:40.500,T00000280,280,446.17,15,B,,,
SPY.P.ARCA,ARCA,2025-09-16 13:34:40.700,T00000281,281,446.3,11,B,,,
SPY.P.ARCA,ARCA,2025-09-16 13:34:42.200,T00000282,282,447.76,35,S,,,
SPY.P.ARCA,ARCA,2025-09-16 13:34:43.400,T00000283,283,449.73,25,S,,,
SPY.P.ARCA,ARCA,2025-09-16 13:34:43.800,T00000284,284,453.43,15,B,,,
SPY.P.ARCA,ARCA,2025-09-16 13:34:44.800,T00000285,285,456.26,10,B,,,
SPY.P.ARCA,ARCA,2025-09-16 13:34:45.700,T00000286,286,458.01,45,S,,,
SPY.P.ARCA,ARCA,2025-09-16 13:34:46.000,T00000287,287,456.21000000000004,11,S,,,
SPY.P.ARCA,ARCA,2025-09-16 13:34:46.200,T00000288,288,456.84,16,B,,,
SPY.P.ARCA,ARCA,2025-09-16 13:34:47.100,T00000289,289,457.99,13,B,,,
SPY.P.ARCA,ARCA,2025-09-16 13:34:47.500,T00000290,290,454.0,16,S,,,
SPY.P.ARCA,ARCA,2025-09-16 13:34:47.800,T00000291,291,452.93,21,S,,,
SPY.P.ARCA,ARCA,2025-09-16 13:34:48.000,T00000292,292,451.68,23,B,,,
SPY.P.ARCA,ARCA,2025-09-16 13:34:48.400,T00000293,293,450.45,24,S,,,
SPY.P.ARCA,ARCA,2025-09-16 13:34:49.200,T00000294,294,451.71000000000004,2,S,,,
SPY.P.ARCA,ARCA,2025-09-16 13:34:49.800,T00000295,295,447.93,23,S,,,
SPY.P.ARCA,ARCA,2025-09-16 13:34:49.900,T00000296,296,448.17,30,B,,,
SPY.P.ARCA,ARCA,2025-09-16 13:34:50.800,T00000297,297,451.52,16,S,,,
SPY.P.ARCA,ARCA,2025-09-16 13:34:50.900,T00000298,298,450.87,23,S,,,
SPY.P.ARCA,ARCA,2025-09-16 13:34:52.300,T00000299,299,453.44,16,B,,,
SPY.P.ARCA,ARCA,2025-09-16 13:34:52.600,T00000300,300,451.90000000000003,15,B,,,
SPY.P.ARCA,ARCA,2025-09-16 13:34:54.700,T00000301,301,447.03000000000003,26,S,,,
SPY.P.ARCA,ARCA,2025-09-16 13:34:55.300,T00000302,302,451.27,31,B,,,
SPY.P.ARCA,ARCA,2025-09-16 13:34:55.400,T00000303,303,449.36,11,S,,,
SPY.P.ARCA,ARCA,2025-09-16 13:34:55.700,T00000304,304,449.87,48,B,,,
SPY.P.ARCA,ARCA,2025-09-16 13:34:57.600,T00000305,305,442.67,36,S,,,
SPY.P.ARCA,ARCA,2025-09-16 13:34:59.100,T00000306,306,439.37,30,B,,,
SPY.P.ARCA,ARCA,2025-09-16 13:34:59.500,T00000307,307,440.22,11,S,,,
SPY.P.ARCA,ARCA,2025-09-16 13:35:00.100,T00000308,308,436.3,14,B,,,
SPY.P.ARCA,ARCA,2025-09-16 13:35:00.600,T00000309,309,440.64,12,B,,,
SPY.P.ARCA,ARCA,2025-09-16 13:35:01.100,T00000310,310,440.09000000000003,50,B,,,
SPY.P.ARCA,ARCA,2025-09-16 13:35:02.300,T00000311,311,433.39,10,S,,,
SPY.P.ARCA,ARCA,2025-09-16 13:35:03.200,T00000312,312,437.11,12,S,,,
SPY.P.ARCA,ARCA,2025-09-16 13:35:04.600,T00000313,313,438.15000000000003,29,S,,,
SPY.P.ARCA,ARCA,2025-09-16 13:35:05.300,T00000314,314,438.58,11,S,,,
SPY.P.ARCA,ARCA,2025-09-16 13:35:05.500,T00000315,315,440.45,41,B,,,
SPY.P.ARCA,ARCA,2025-09-16 13:35:05.900,T00000316,316,440.11,14,S,,,
SPY.P.ARCA,ARCA,2025-09-16 13:35:07.400,T00000317,317,446.94,30,B,,,
SPY.P.ARCA,ARCA,2025-09-16 13:35:08.000,T00000318,318,444.62,15,S,,,
SPY.P.ARCA,ARCA,2025-09-16 13:35:08.400,T00000319,319,446.79,12,B,,,
SPY.P.ARCA,ARCA,2025-09-16 13:35:08.900,T00000320,320,449.0,32,S,,,
SPY.P.ARCA,ARCA,2025-09-16 13:35:09.300,T00000321,321,446.28000000000003,15,S,,,
SPY.P.ARCA,ARCA,2025-09-16 13:35:09.600,T00000322,322,446.33,18,B,,,
SPY.P.ARCA,ARCA,2025-09-16 13:35:13.400,T00000323,323,454.51,24,S,,,
SPY.P.ARCA,ARCA,2025-09-16 13:35:14.800,T00000324,324,450.12,33,S,,,
SPY.P.ARCA,ARCA,2025-09-16 13:35:14.900,T00000325,325,449.84000000000003,36,S,,,
SPY.P.ARCA,ARCA,2025-09-16 13:35:15.200,T00000326,326,450.83,32,B,,,
SPY.P.ARCA,ARCA,2025-09-16 13:35:15.800,T00000327,327,451.14,14,B,,,
SPY.P.ARCA,ARCA,2025-09-16 13:35:16.000,T00000328,328,449.93,12,S,,,
SPY.P.ARCA,ARCA,2025-09-16 13:35:16.200,T00000329,329,450.51,41,B,,,
SPY.P.ARCA,ARCA,2025-09-16 13:35:16.800,T00000330,330,451.93,62,S,,,
SPY.P.ARCA,ARCA,2025-09-16 13:35:17.800,T00000331,331,452.61,13,B,,,
SPY.P.ARCA,ARCA,2025-09-16 13:35:18.200,T00000332,332,451.42,15,B,,,
SPY.P.ARCA,ARCA,2025-09-16 13:35:19.300,T00000333,333,448.59000000000003,41,S,,,
SPY.P.ARCA,ARCA,2025-09-16 13:35:19.700,T00000334,334,452.12,11,B,,,
SPY.P.ARCA,ARCA,2025-09-16 13:35:20.900,T00000335,335,449.98,13,S,,,
SPY.P.ARCA,ARCA,2025-09-16 13:35:21.000,T00000336,336,450.69,16,B,,,
SPY.P.ARCA,ARCA,2025-09-16 13:35:22.200,T00000337,337,451.27,23,B,,,
SPY.P.ARCA,ARCA,2025-09-16 13:35:23.000,T00000338,338,456.6,55,B,,,
SPY.P.ARCA,ARCA,2025-09-16 13:35:23.700,T00000339,339,457.04,10,B,,,
SPY.P.ARCA,ARCA,2025-09-16 13:35:24.800,T00000340,340,460.6,21,B,,,
SPY.P.ARCA,ARCA,2025-09-16 13:35:25.400,T00000341,341,459.96000000000004,64,S,,,
SPY.P.ARCA,ARCA,2025-09-16 13:35:26.800,T00000342,342,458.3,11,B,,,
SPY.P.ARCA,ARCA,2025-09-16 13:35:28.000,T00000343,343,456.17,89,S,,,
SPY.P.ARCA,ARCA,2025-09-16 13:35:28.500,T00000344,344,457.53000000000003,11,S,,,
SPY.P.ARCA,ARCA,2025-09-16 13:35:28.800,T00000345,345,454.35,88,S,,,
SPY.P.ARCA,ARCA,2025-09-16 13:35:29.000,T00000346,346,452.58,12,S,,,
SPY.P.ARCA,ARCA,2025-09-16 13:35:29.600,T00000347,347,456.55,32,B,,,
SPY.P.ARCA,ARCA,2025-09-16 13:35:31.100,T00000348,348,450.77,18,B,,,
SPY.P.ARCA,ARCA,2025-09-16 13:35:34.200,T00000349,349,453.52,30,S,,,
SPY.P.ARCA,ARCA,2025-09-16 13:35:34.300,T00000350,350,453.62,12,B,,,
SPY.P.ARCA,ARCA,2025-09-16 13:35:34.400,T00000351,351,454.62,25,B,,,
SPY.P.ARCA,ARCA,2025-09-16 13:35:34.700,T00000352,352,452.14,33,B,,,
SPY.P.ARCA,ARCA,2025-09-16 13:35:37.200,T00000353,353,456.73,14,B,,,
SPY.P.ARCA,ARCA,2025-09-16 13:35:38.300,T00000354,354,453.25,98,B,,,
SPY.P.ARCA,ARCA,2025-09-16 13:35:38.900,T00000355,355,455.53000000000003,17,B,,,
SPY.P.ARCA,ARCA,2025-09-16 13:35:39.100,T00000356,356,458.34000000000003,89,S,,,
SPY.P.ARCA,ARCA,2025-09-16 13:35:42.200,T00000357,357,452.83,19,B,,,
SPY.P.ARCA,ARCA,2025-09-16 13:35:42.500,T00000358,358,452.12,15,S,,,
SPY.P.ARCA,ARCA,2025-09-16 13:35:45.200,T00000359,359,462.14,15,S,,,
SPY.P.ARCA,ARCA,2025-09-16 13:35:46.300,T00000360,360,461.84000000000003,15,B,,,
SPY.P.ARCA,ARCA,2025-09-16 13:35:46.600,T00000361,361,461.44,16,S,,,
SPY.P.ARCA,ARCA,2025-09-16 13:35:47.200,T00000362,362,461.29,92,S,,,
SPY.P.ARCA,ARCA,2025-09-16 13:35:49.100,T00000363,363,459.23,11,B,,,
SPY.P.ARCA,ARCA,2025-09-16 13:35:49.300,T00000364,364,455.59000000000003,24,B,,,
SPY.P.ARCA,ARCA,2025-09-16 13:35:50.100,T00000365,365,453.83,15,S,,,
SPY.P.ARCA,ARCA,2025-09-16 13:35:50.600,T00000366,366,457.65000000000003,10,B,,,
SPY.P.ARCA,ARCA,2025-09-16 13:35:51.600,T00000367,367,455.57,2,B,,,
SPY.P.ARCA,ARCA,2025-09-16 13:35:51.900,T00000368,368,453.95,19,B,,,
SPY.P.ARCA,ARCA,2025-09-16 13:35:52.000,T00000369,369,454.86,59,B,,,
SPY.P.ARCA,ARCA,2025-09-16 13:35:52.200,T00000370,370,456.13,30,S,,,
SPY.P.ARCA,ARCA,2025-09-16 13:35:53.900,T00000371,371,456.06,13,B,,,
SPY.P.ARCA,ARCA,2025-09-16 13:35:54.000,T00000372,372,454.43,64,S,,,
SPY.P.ARCA,ARCA,2025-09-16 13:35:55.400,T00000373,373,448.76,12,B,,,
SPY.P.ARCA,ARCA,2025-09-16 13:35:55.600,T00000374,374,448.95,39,S,,,
SPY.P.ARCA,ARCA,2025-09-16 13:35:55.700,T00000375,375,450.79,11,B,,,
SPY.P.ARCA,ARCA,2025-09-16 13:35:55.800,T00000376,376,451.90000000000003,62,S,,,
SPY.P.ARCA,ARCA,2025-09-16 13:35:56.100,T00000377,377,450.71000000000004,15,S,,,
SPY.P.ARCA,ARCA,2025-09-16 13:35:56.500,T00000378,378,450.52000000000004,122,S,,,
SPY.P.ARCA,ARCA,2025-09-16 13:35:56.600,T00000379,379,451.01,8,B,,,
SPY.P.ARCA,ARCA,2025-09-16 13:35:57.200,T00000380,380,449.83,56,B,,,
SPY.P.ARCA,ARCA,2025-09-16 13:35:57.700,T00000381,381,445.64,38,B,,,
SPY.P.ARCA,ARCA,2025-09-16 13:35:58.000,T00000382,382,451.14,18,B,,,
SPY.P.ARCA,ARCA,2025-09-16 13:36:00.500,T00000383,383,444.03000000000003,11,B,,,
SPY.P.ARCA,ARCA,2025-09-16 13:36:00.900,T00000384,384,444.48,37,S,,,
SPY.P.ARCA,ARCA,2025-09-16 13:36:01.200,T00000385,385,445.56,57,B,,,
SPY.P.ARCA,ARCA,2025-09-16 13:36:01.700,T00000386,386,451.94,9,S,,,
SPY.P.ARCA,ARCA,2025-09-16 13:36:03.400,T00000387,387,447.93,10,B,,,
SPY.P.ARCA,ARCA,2025-09-16 13:36:03.900,T00000388,388,447.84000000000003,11,S,,,
SPY.P.ARCA,ARCA,2025-09-16 13:36:04.100,T00000389,389,445.29,25,S,,,
SPY.P.ARCA,ARCA,2025-09-16 13:36:04.400,T00000390,390,443.68,11,S,,,
SPY.P.ARCA,ARCA,2025-09-16 13:36:05.100,T00000391,391,449.8,22,B,,,
SPY.P.ARCA,ARCA,2025-09-16 13:36:06.000,T00000392,392,444.74,10,S,,,
SPY.P.ARCA,ARCA,2025-09-16 13:36:09.800,T00000393,393,443.51,19,S,,,
SPY.P.ARCA,ARCA,2025-09-16 13:36:11.500,T00000394,394,443.98,14,S,,,
SPY.P.ARCA,ARCA,2025-09-16 13:36:13.100,T00000395,395,446.19,34,B,,,
SPY.P.ARCA,ARCA,2025-09-16 13:36:14.500,T00000396,396,442.85,117,S,,,
SPY.P.ARCA,ARCA,2025-09-16 13:36:15.000,T00000397,397,441.97,11,S,,,
SPY.P.ARCA,ARCA,2025-09-16 13:36:17.100,T00000398,398,433.67,14,B,,,
SPY.P.ARCA,ARCA,2025-09-16 13:36:19.500,T00000399,399,441.36,30,B,,,
SPY.P.ARCA,ARCA,2025-09-16 13:36:20.300,T00000400,400,444.34000000000003,18,B,,,
SPY.P.ARCA,ARCA,2025-09-16 13:36:23.700,T00000401,401,446.35,54,S,,,
SPY.P.ARCA,ARCA,2025-09-16 13:36:28.500,T00000402,402,448.45,14,B,,,
SPY.P.ARCA,ARCA,2025-09-16 13:36:29.200,T00000403,403,449.52,12,B,,,
SPY.P.ARCA,ARCA,2025-09-16 13:36:29.500,T00000404,404,453.46000000000004,29,B,,,
SPY.P.ARCA,ARCA,2025-09-16 13:36:29.800,T00000405,405,452.04,34,S,,,
SPY.P.ARCA,ARCA,2025-09-16 13:36:31.300,T00000406,406,445.74,19,B,,,
SPY.P.ARCA,ARCA,2025-09-16 13:36:33.300,T00000407,407,451.71000000000004,51,S,,,
SPY.P.ARCA,ARCA,2025-09-16 13:36:33.600,T00000408,408,449.7,29,B,,,
SPY.P.ARCA,ARCA,2025-09-16 13:36:35.300,T00000409,409,447.89,18,S,,,
SPY.P.ARCA,ARCA,2025-09-16 13:36:38.000,T00000410,410,451.45,14,S,,,
SPY.P.ARCA,ARCA,2025-09-16 13:36:39.700,T00000411,411,454.2,11,B,,,
SPY.P.ARCA,ARCA,2025-09-16 13:36:41.700,T00000412,412,449.74,59,S,,,
SPY.P.ARCA,ARCA,2025-09-16 13:36:42.500,T00000413,413,451.58,42,B,,,
SPY.P.ARCA,ARCA,2025-09-16 13:36:43.200,T00000414,414,449.23,29,S,,,
SPY.P.ARCA,ARCA,2025-09-16 13:36:43.300,T00000415,415,448.62,22,S,,,
SPY.P.ARCA,ARCA,2025-09-16 13:36:45.700,T00000416,416,443.1,61,B,,,
SPY.P.ARCA,ARCA,2025-09-16 13:36:46.800,T00000417,417,444.62,10,B,,,
SPY.P.ARCA,ARCA,2025-09-16 13:36:49.200,T00000418,418,445.66,12,S,,,
SPY.P.ARCA,ARCA,2025-09-16 13:36:56.500,T00000419,419,451.68,15,B,,,
SPY.P.ARCA,ARCA,2025-09-16 13:36:57.700,T00000420,420,449.09000000000003,45,B,,,
SPY.P.ARCA,ARCA,2025-09-16 13:37:00.600,T00000421,421,453.5,35,S,,,
SPY.P.ARCA,ARCA,2025-09-16 13:37:00.800,T00000422,422,450.47,13,S,,,
SPY.P.ARCA,ARCA,2025-09-16 13:37:00.900,T00000423,423,451.41,13,B,,,
SPY.P.ARCA,ARCA,2025-09-16 13:37:01.600,T00000424,424,449.62,24,S,,,
SPY.P.ARCA,ARCA,2025-09-16 13:37:02.400,T00000425,425,447.77,17,B,,,
SPY.P.ARCA,ARCA,2025-09-16 13:37:03.000,T00000426,426,448.99,61,B,,,
SPY.P.ARCA,ARCA,2025-09-16 13:37:04.000,T00000427,427,449.72,23,S,,,
SPY.P.ARCA,ARCA,2025-09-16 13:37:04.200,T00000428,428,449.72,13,S,,,
SPY.P.ARCA,ARCA,2025-09-16 13:37:04.300,T00000429,429,449.25,35,S,,,
SPY.P.ARCA,ARCA,2025-09-16 13:37:04.400,T00000430,430,450.18,89,B,,,
SPY.P.ARCA,ARCA,2025-09-16 13:37:05.100,T00000431,431,452.77,8,S,,,
SPY.P.ARCA,ARCA,2025-09-16 13:37:05.700,T00000432,432,455.44,12,B,,,
SPY.P.ARCA,ARCA,2025-09-16 13:37:05.900,T00000433,433,452.02,37,B,,,
SPY.P.ARCA,ARCA,2025-09-16 13:37:06.900,T00000434,434,444.41,32,S,,,
SPY.P.ARCA,ARCA,2025-09-16 13:37:07.200,T00000435,435,447.21000000000004,24,B,,,
SPY.P.ARCA,ARCA,2025-09-16 13:37:07.900,T00000436,436,443.42,10,S,,,
SPY.P.ARCA,ARCA,2025-09-16 13:37:08.000,T00000437,437,442.73,13,S,,,
SPY.P.ARCA,ARCA,2025-09-16 13:37:09.100,T00000438,438,445.6,12,B,,,
SPY.P.ARCA,ARCA,2025-09-16 13:37:10.100,T00000439,439,445.38,16,S,,,
SPY.P.ARCA,ARCA,2025-09-16 13:37:11.300,T00000440,440,445.89,16,S,,,
SPY.P.ARCA,ARCA,2025-09-16 13:37:13.000,T00000441,441,448.67,16,B,,,
SPY.P.ARCA,ARCA,2025-09-16 13:37:13.700,T00000442,442,446.24,78,B,,,
SPY.P.ARCA,ARCA,2025-09-16 13:37:14.100,T00000443,443,446.35,40,B,,,
SPY.P.ARCA,ARCA,2025-09-16 13:37:14.200,T00000444,444,446.18,40,S,,,
SPY.P.ARCA,ARCA,2025-09-16 13:37:14.500,T00000445,445,446.81,16,B,,,
SPY.P.ARCA,ARCA,2025-09-16 13:37:15.100,T00000446,446,443.47,68,S,,,
SPY.P.ARCA,ARCA,2025-09-16 13:37:15.500,T00000447,447,439.65000000000003,46,B,,,
SPY.P.ARCA,ARCA,2025-09-16 13:37:16.300,T00000448,448,436.85,41,S,,,
SPY.P.ARCA,ARCA,2025-09-16 13:37:17.700,T00000449,449,444.6,29,B,,,
SPY.P.ARCA,ARCA,2025-09-16 13:37:18.100,T00000450,450,444.23,13,S,,,
SPY.P.ARCA,ARCA,2025-09-16 13:37:19.500,T00000451,451,441.22,16,B,,,
SPY.P.ARCA,ARCA,2025-09-16 13:37:19.700,T00000452,452,443.32,22,B,,,
SPY.P.ARCA,ARCA,2025-09-16 13:37:20.600,T00000453,453,443.84000000000003,35,S,,,
SPY.P.ARCA,ARCA,2025-09-16 13:37:21.800,T00000454,454,438.40000000000003,13,S,,,
SPY.P.ARCA,ARCA,2025-09-16 13:37:23.700,T00000455,455,438.52,10,B,,,
SPY.P.ARCA,ARCA,2025-09-16 13:37:27.800,T00000456,456,445.61,38,S,,,
SPY.P.ARCA,ARCA,2025-09-16 13:37:28.800,T00000457,457,449.31,12,B,,,
SPY.P.ARCA,ARCA,2025-09-16 13:37:29.900,T00000458,458,449.68,12,S,,,
SPY.P.ARCA,ARCA,2025-09-16 13:37:30.100,T00000459,459,447.57,36,S,,,
SPY.P.ARCA,ARCA,2025-09-16 13:37:30.400,T00000460,460,448.56,26,B,,,
SPY.P.ARCA,ARCA,2025-09-16 13:37:31.400,T00000461,461,452.53,13,B,,,
SPY.P.ARCA,ARCA,2025-09-16 13:37:31.900,T00000462,462,455.43,39,S,,,
SPY.P.ARCA,ARCA,2025-09-16 13:37:32.700,T00000463,463,456.26,14,B,,,
SPY.P.ARCA,ARCA,2025-09-16 13:37:33.300,T00000464,464,460.29,22,S,,,
SPY.P.ARCA,ARCA,2025-09-16 13:37:33.600,T00000465,465,461.24,12,B,,,
SPY.P.ARCA,ARCA,2025-09-16 13:37:34.300,T00000466,466,462.77,50,S,,,
SPY.P.ARCA,ARCA,2025-09-16 13:37:34.500,T00000467,467,462.27000000000004,43,S,,,
SPY.P.ARCA,ARCA,2025-09-16 13:37:34.600,T00000468,468,461.99,25,B,,,
SPY.P.ARCA,ARCA,2025-09-16 13:37:34.700,T00000469,469,460.52,2,S,,,
SPY.P.ARCA,ARCA,2025-09-16 13:37:35.700,T00000470,470,463.69,39,B,,,
SPY.P.ARCA,ARCA,2025-09-16 13:37:37.100,T00000471,471,461.5,13,S,,,
SPY.P.ARCA,ARCA,2025-09-16 13:37:37.300,T00000472,472,460.81,16,B,,,
SPY.P.ARCA,ARCA,2025-09-16 13:37:40.700,T00000473,473,460.41,11,S,,,
SPY.P.ARCA,ARCA,2025-09-16 13:37:40.900,T00000474,474,461.77,34,S,,,
SPY.P.ARCA,ARCA,2025-09-16 13:37:44.500,T00000475,475,459.36,26,B,,,
SPY.P.ARCA,ARCA,2025-09-16 13:37:45.200,T00000476,476,461.04,83,S,,,
SPY.P.ARCA,ARCA,2025-09-16 13:37:45.400,T00000477,477,463.28000000000003,12,B,,,
SPY.P.ARCA,ARCA,2025-09-16 13:37:46.000,T00000478,478,464.01,14,S,,,
SPY.P.ARCA,ARCA,2025-09-16 13:37:46.300,T00000479,479,466.02,35,B,,,
SPY.P.ARCA,ARCA,2025-09-16 13:37:46.800,T00000480,480,463.89,59,S,,,
SPY.P.ARCA,ARCA,2025-09-16 13:37:48.100,T00000481,481,461.2,22,S,,,
SPY.P.ARCA,ARCA,2025-09-16 13:37:49.900,T00000482,482,459.76,13,S,,,
SPY.P.ARCA,ARCA,2025-09-16 13:37:50.100,T00000483,483,459.68,12,S,,,
SPY.P.ARCA,ARCA,2025-09-16 13:37:51.300,T00000484,484,456.75,12,B,,,
SPY.P.ARCA,ARCA,2025-09-16 13:37:52.000,T00000485,485,457.08,20,B,,,
SPY.P.ARCA,ARCA,2025-09-16 13:37:52.800,T00000486,486,456.59000000000003,18,B,,,
SPY.P.ARCA,ARCA,2025-09-16 13:37:53.800,T00000487,487,460.33,22,B,,,
SPY.P.ARCA,ARCA,2025-09-16 13:37:54.500,T00000488,488,456.46000000000004,30,S,,,
SPY.P.ARCA,ARCA,2025-09-16 13:37:55.000,T00000489,489,457.54,19,S,,,
SPY.P.ARCA,ARCA,2025-09-16 13:37:55.200,T00000490,490,456.52,17,S,,,
SPY.P.ARCA,ARCA,2025-09-16 13:37:55.700,T00000491,491,456.61,36,B,,,
SPY.P.ARCA,ARCA,2025-09-16 13:37:57.100,T00000492,492,456.28000000000003,47,B,,,
SPY.P.ARCA,ARCA,2025-09-16 13:37:58.300,T00000493,493,451.47,105,B,,,
SPY.P.ARCA,ARCA,2025-09-16 13:38:00.500,T00000494,494,450.61,54,S,,,
SPY.P.ARCA,ARCA,2025-09-16 13:38:01.400,T00000495,495,450.23,23,B,,,
SPY.P.ARCA,ARCA,2025-09-16 13:38:02.000,T00000496,496,451.58,14,B,,,
SPY.P.ARCA,ARCA,2025-09-16 13:38:04.800,T00000497,497,462.52,26,B,,,
SPY.P.ARCA,ARCA,2025-09-16 13:38:05.000,T00000498,498,463.36,68,B,,,
SPY.P.ARCA,ARCA,2025-09-16 13:38:05.300,T00000499,499,461.66,15,B,,,
SPY.P.ARCA,ARCA,2025-09-16 13:38:07.000,T00000500,500,456.53000000000003,15,B,,,
SPY.P.ARCA,ARCA,2025-09-16 13:38:07.300,T00000501,501,453.87,20,B,,,
SPY.P.ARCA,ARCA,2025-09-16 13:38:07.800,T00000502,502,452.06,26,S,,,
SPY.P.ARCA,ARCA,2025-09-16 13:38:07.900,T00000503,503,453.56,139,B,,,
SPY.P.ARCA,ARCA,2025-09-16 13:38:09.900,T00000504,504,458.54,75,S,,,
SPY.P.ARCA,ARCA,2025-09-16 13:38:11.700,T00000505,505,458.53000000000003,119,B,,,
SPY.P.ARCA,ARCA,2025-09-16 13:38:13.800,T00000506,506,457.74,14,S,,,
SPY.P.ARCA,ARCA,2025-09-16 13:38:14.900,T00000507,507,453.63,13,S,,,
SPY.P.ARCA,ARCA,2025-09-16 13:38:15.000,T00000508,508,452.62,13,B,,,
SPY.P.ARCA,ARCA,2025-09-16 13:38:15.600,T00000509,509,452.81,20,S,,,
SPY.P.ARCA,ARCA,2025-09-16 13:38:16.100,T00000510,510,453.2,12,B,,,
SPY.P.ARCA,ARCA,2025-09-16 13:38:16.400,T00000511,511,453.66,56,B,,,
SPY.P.ARCA,ARCA,2025-09-16 13:38:17.100,T00000512,512,452.62,16,B,,,
SPY.P.ARCA,ARCA,2025-09-16 13:38:17.300,T00000513,513,456.40000000000003,15,S,,,
SPY.P.ARCA,ARCA,2025-09-16 13:38:17.700,T00000514,514,455.1,20,B,,,
SPY.P.ARCA,ARCA,2025-09-16 13:38:19.800,T00000515,515,451.94,17,S,,,
SPY.P.ARCA,ARCA,2025-09-16 13:38:20.000,T00000516,516,452.36,21,B,,,
SPY.P.ARCA,ARCA,2025-09-16 13:38:20.200,T00000517,517,450.86,19,S,,,
SPY.P.ARCA,ARCA,2025-09-16 13:38:21.200,T00000518,518,458.74,28,S,,,
SPY.P.ARCA,ARCA,2025-09-16 13:38:21.300,T00000519,519,458.83,67,B,,,
SPY.P.ARCA,ARCA,2025-09-16 13:38:22.100,T00000520,520,456.70000000000005,13,S,,,
SPY.P.ARCA,ARCA,2025-09-16 13:38:22.500,T00000521,521,454.05,13,S,,,
SPY.P.ARCA,ARCA,2025-09-16 13:38:22.700,T00000522,522,450.12,52,S,,,
SPY.P.ARCA,ARCA,2025-09-16 13:38:22.900,T00000523,523,450.86,18,S,,,
SPY.P.ARCA,ARCA,2025-09-16 13:38:23.500,T00000524,524,453.59000000000003,16,S,,,
SPY.P.ARCA,ARCA,2025-09-16 13:38:23.600,T00000525,525,454.1,22,B,,,
SPY.P.ARCA,ARCA,2025-09-16 13:38:26.200,T00000526,526,437.92,13,S,,,
SPY.P.ARCA,ARCA,2025-09-16 13:38:28.300,T00000527,527,445.04,44,S,,,
SPY.P.ARCA,ARCA,2025-09-16 13:38:31.100,T00000528,528,445.18,64,B,,,
SPY.P.ARCA,ARCA,2025-09-16 13:38:31.300,T00000529,529,443.18,17,S,,,
SPY.P.ARCA,ARCA,2025-09-16 13:38:33.200,T00000530,530,449.78000000000003,25,S,,,
SPY.P.ARCA,ARCA,2025-09-16 13:38:33.400,T00000531,531,448.82,13,S,,,
SPY.P.ARCA,ARCA,2025-09-16 13:38:34.400,T00000532,532,447.95,14,B,,,
SPY.P.ARCA,ARCA,2025-09-16 13:38:35.000,T00000533,533,445.03000000000003,12,B,,,
SPY.P.ARCA,ARCA,2025-09-16 13:38:35.600,T00000534,534,449.06,13,B,,,
SPY.P.ARCA,ARCA,2025-09-16 13:38:36.200,T00000535,535,453.34000000000003,13,S,,,
SPY.P.ARCA,ARCA,2025-09-16 13:38:38.600,T00000536,536,453.19,41,S,,,
SPY.P.ARCA,ARCA,2025-09-16 13:38:39.000,T00000537,537,452.61,16,B,,,
SPY.P.ARCA,ARCA,2025-09-16 13:38:42.000,T00000538,538,453.83,70,S,,,
SPY.P.ARCA,ARCA,2025-09-16 13:38:44.500,T00000539,539,450.31,42,S,,,
SPY.P.ARCA,ARCA,2025-09-16 13:38:49.400,T00000540,540,449.45,20,S,,,
SPY.P.ARCA,ARCA,2025-09-16 13:38:52.300,T00000541,541,455.45,133,B,,,
SPY.P.ARCA,ARCA,2025-09-16 13:38:54.300,T00000542,542,452.06,63,S,,,
SPY.P.ARCA,ARCA,2025-09-16 13:38:54.800,T00000543,543,449.08,17,B,,,
SPY.P.ARCA,ARCA,2025-09-16 13:38:54.900,T00000544,544,448.13,25,S,,,
SPY.P.ARCA,ARCA,2025-09-16 13:38:56.400,T00000545,545,447.22,35,S,,,
SPY.P.ARCA,ARCA,2025-09-16 13:38:57.400,T00000546,546,443.65000000000003,49,S,,,
SPY.P.ARCA,ARCA,2025-09-16 13:38:57.800,T00000547,547,440.67,39,S,,,
SPY.P.ARCA,ARCA,2025-09-16 13:38:58.600,T00000548,548,437.56,16,S,,,
SPY.P.ARCA,ARCA,2025-09-16 13:38:58.900,T00000549,549,438.77,34,S,,,
SPY.P.ARCA,ARCA,2025-09-16 13:39:00.500,T00000550,550,447.3,28,S,,,
SPY.P.ARCA,ARCA,2025-09-16 13:39:02.400,T00000551,551,450.89,18,S,,,
SPY.P.ARCA,ARCA,2025-09-16 13:39:02.700,T00000552,552,450.77,238,B,,,
SPY.P.ARCA,ARCA,2025-09-16 13:39:02.800,T00000553,553,452.90000000000003,50,B,,,
SPY.P.ARCA,ARCA,2025-09-16 13:39:05.000,T00000554,554,453.95,30,B,,,
SPY.P.ARCA,ARCA,2025-09-16 13:39:08.200,T00000555,555,453.49,12,B,,,
SPY.P.ARCA,ARCA,2025-09-16 13:39:09.200,T00000556,556,451.0,57,S,,,
SPY.P.ARCA,ARCA,2025-09-16 13:39:09.300,T00000557,557,452.91,12,B,,,
SPY.P.ARCA,ARCA,2025-09-16 13:39:10.700,T00000558,558,449.67,54,B,,,
SPY.P.ARCA,ARCA,2025-09-16 13:39:11.200,T00000559,559,454.08,51,S,,,
SPY.P.ARCA,ARCA,2025-09-16 13:39:12.500,T00000560,560,453.61,105,S,,,
SPY.P.ARCA,ARCA,2025-09-16 13:39:13.100,T00000561,561,451.84000000000003,46,S,,,
SPY.P.ARCA,ARCA,2025-09-16 13:39:13.400,T00000562,562,452.56,210,B,,,
SPY.P.ARCA,ARCA,2025-09-16 13:39:14.400,T00000563,563,452.45,42,B,,,
SPY.P.ARCA,ARCA,2025-09-16 13:39:15.100,T00000564,564,449.56,27,S,,,
SPY.P.ARCA,ARCA,2025-09-16 13:39:15.700,T00000565,565,452.66,43,B,,,
SPY.P.ARCA,ARCA,2025-09-16 13:39:16.100,T00000566,566,453.12,11,S,,,
SPY.P.ARCA,ARCA,2025-09-16 13:39:16.800,T00000567,567,450.72,105,B,,,
SPY.P.ARCA,ARCA,2025-09-16 13:39:17.000,T00000568,568,453.56,10,B,,,
SPY.P.ARCA,ARCA,2025-09-16 13:39:17.600,T00000569,569,455.62,16,B,,,
SPY.P.ARCA,ARCA,2025-09-16 13:39:21.200,T00000570,570,455.87,20,B,,,
SPY.P.ARCA,ARCA,2025-09-16 13:39:21.600,T00000571,571,458.65000000000003,19,B,,,
SPY.P.ARCA,ARCA,2025-09-16 13:39:23.100,T00000572,572,458.03000000000003,27,S,,,
SPY.P.ARCA,ARCA,2025-09-16 13:39:24.100,T00000573,573,458.02,17,B,,,
SPY.P.ARCA,ARCA,2025-09-16 13:39:24.500,T00000574,574,456.32,14,B,,,
SPY.P.ARCA,ARCA,2025-09-16 13:39:24.900,T00000575,575,455.42,14,S,,,
SPY.P.ARCA,ARCA,2025-09-16 13:39:25.300,T00000576,576,456.79,13,B,,,
SPY.P.ARCA,ARCA,2025-09-16 13:39:27.800,T00000577,577,454.97,133,B,,,
SPY.P.ARCA,ARCA,2025-09-16 13:39:28.800,T00000578,578,456.02,59,B,,,
SPY.P.ARCA,ARCA,2025-09-16 13:39:29.100,T00000579,579,456.38,24,S,,,
SPY.P.ARCA,ARCA,2025-09-16 13:39:29.400,T00000580,580,457.0,15,S,,,
SPY.P.ARCA,ARCA,2025-09-16 13:39:30.900,T00000581,581,455.34,11,B,,,
SPY.P.ARCA,ARCA,2025-09-16 13:39:31.400,T00000582,582,457.59000000000003,32,S,,,
SPY.P.ARCA,ARCA,2025-09-16 13:39:33.500,T00000583,583,454.5,35,S,,,
SPY.P.ARCA,ARCA,2025-09-16 13:39:34.200,T00000584,584,449.51,112,B,,,
SPY.P.ARCA,ARCA,2025-09-16 13:39:35.000,T00000585,585,445.24,21,S,,,
SPY.P.ARCA,ARCA,2025-09-16 13:39:40.300,T00000586,586,452.14,27,B,,,
SPY.P.ARCA,ARCA,2025-09-16 13:39:40.800,T00000587,587,448.99,14,S,,,
SPY.P.ARCA,ARCA,2025-09-16 13:39:45.300,T00000588,588,452.88,11,S,,,
SPY.P.ARCA,ARCA,2025-09-16 13:39:47.100,T00000589,589,452.17,14,B,,,
SPY.P.ARCA,ARCA,2025-09-16 13:39:47.300,T00000590,590,450.61,10,S,,,
SPY.P.ARCA,ARCA,2025-09-16 13:39:48.400,T00000591,591,451.51,13,S,,,
SPY.P.ARCA,ARCA,2025-09-16 13:39:51.400,T00000592,592,449.85,12,B,,,
SPY.P.ARCA,ARCA,2025-09-16 13:39:52.300,T00000593,593,448.84000000000003,15,S,,,
SPY.P.ARCA,ARCA,2025-09-16 13:39:52.800,T00000594,594,448.25,34,B,,,
SPY.P.ARCA,ARCA,2025-09-16 13:39:55.100,T00000595,595,443.38,119,S,,,
SPY.P.ARCA,ARCA,2025-09-16 13:39:56.600,T00000596,596,450.51,74,B,,,
SPY.P.ARCA,ARCA,2025-09-16 13:39:58.300,T00000597,597,450.98,46,S,,,
SPY.P.ARCA,ARCA,2025-09-16 13:40:00.800,T00000598,598,455.43,17,B,,,
SPY.P.ARCA,ARCA,2025-09-16 13:40:01.500,T00000599,599,450.76,12,B,,,
SPY.P.ARCA,ARCA,2025-09-16 13:40:05.200,T00000600,600,453.19,30,S,,,
SPY.P.ARCA,ARCA,2025-09-16 13:40:06.200,T00000601,601,448.49,15,S,,,
SPY.P.ARCA,ARCA,2025-09-16 13:40:06.500,T00000602,602,451.27,55,B,,,
SPY.P.ARCA,ARCA,2025-09-16 13:40:06.700,T00000603,603,449.16,16,B,,,
SPY.P.ARCA,ARCA,2025-09-16 13:40:07.500,T00000604,604,447.43,26,S,,,
SPY.P.ARCA,ARCA,2025-09-16 13:40:07.600,T00000605,605,448.89,28,B,,,
SPY.P.ARCA,ARCA,2025-09-16 13:40:07.800,T00000606,606,449.63,9,S,,,
SPY.P.ARCA,ARCA,2025-09-16 13:40:07.900,T00000607,607,450.42,25,S,,,
SPY.P.ARCA,ARCA,2025-09-16 13:40:08.000,T00000608,608,450.88,34,B,,,
SPY.P.ARCA,ARCA,2025-09-16 13:40:08.300,T00000609,609,452.5,11,B,,,
SPY.P.ARCA,ARCA,2025-09-16 13:40:10.500,T00000610,610,444.12,41,S,,,
SPY.P.ARCA,ARCA,2025-09-16 13:40:11.400,T00000611,611,447.24,32,S,,,
SPY.P.ARCA,ARCA,2025-09-16 13:40:11.700,T00000612,612,445.67,26,S,,,
SPY.P.ARCA,ARCA,2025-09-16 13:40:12.900,T00000613,613,445.77,24,B,,,
SPY.P.ARCA,ARCA,2025-09-16 13:40:13.500,T00000614,614,443.27,25,S,,,
SPY.P.ARCA,ARCA,2025-09-16 13:40:15.600,T00000615,615,450.72,19,S,,,
SPY.P.ARCA,ARCA,2025-09-16 13:40:17.300,T00000616,616,445.8,24,S,,,
SPY.P.ARCA,ARCA,2025-09-16 13:40:17.600,T00000617,617,448.67,13,B,,,
SPY.P.ARCA,ARCA,2025-09-16 13:40:18.300,T00000618,618,443.1,12,S,,,
SPY.P.ARCA,ARCA,2025-09-16 13:40:18.900,T00000619,619,447.67,21,B,,,
SPY.P.ARCA,ARCA,2025-09-16 13:40:19.100,T00000620,620,447.67,11,B,,,
SPY.P.ARCA,ARCA,2025-09-16 13:40:19.600,T00000621,621,448.63,15,B,,,
SPY.P.ARCA,ARCA,2025-09-16 13:40:21.500,T00000622,622,448.64,11,S,,,
SPY.P.ARCA,ARCA,2025-09-16 13:40:21.700,T00000623,623,450.74,28,S,,,
SPY.P.ARCA,ARCA,2025-09-16 13:40:23.600,T00000624,624,454.1,18,B,,,
SPY.P.ARCA,ARCA,2025-09-16 13:40:23.700,T00000625,625,454.22,23,B,,,
SPY.P.ARCA,ARCA,2025-09-16 13:40:25.200,T00000626,626,451.49,13,S,,,
SPY.P.ARCA,ARCA,2025-09-16 13:40:27.500,T00000627,627,457.03000000000003,25,B,,,
SPY.P.ARCA,ARCA,2025-09-16 13:40:28.000,T00000628,628,457.29,15,B,,,
SPY.P.ARCA,ARCA,2025-09-16 13:40:28.500,T00000629,629,456.29,17,B,,,
SPY.P.ARCA,ARCA,2025-09-16 13:40:28.700,T00000630,630,457.43,38,S,,,
SPY.P.ARCA,ARCA,2025-09-16 13:40:29.300,T00000631,631,457.87,11,B,,,
SPY.P.ARCA,ARCA,2025-09-16 13:40:30.200,T00000632,632,458.62,29,S,,,
SPY.P.ARCA,ARCA,2025-09-16 13:40:30.300,T00000633,633,457.35,16,S,,,
SPY.P.ARCA,ARCA,2025-09-16 13:40:31.500,T00000634,634,456.44,57,S,,,
SPY.P.ARCA,ARCA,2025-09-16 13:40:33.900,T00000635,635,450.37,11,B,,,
SPY.P.ARCA,ARCA,2025-09-16 13:40:34.000,T00000636,636,450.75,49,B,,,
SPY.P.ARCA,ARCA,2025-09-16 13:40:36.300,T00000637,637,452.56,28,B,,,
SPY.P.ARCA,ARCA,2025-09-16 13:40:37.400,T00000638,638,453.16,84,S,,,
SPY.P.ARCA,ARCA,2025-09-16 13:40:39.100,T00000639,639,458.1,41,S,,,
SPY.P.ARCA,ARCA,2025-09-16 13:40:40.000,T00000640,640,458.93,18,B,,,
SPY.P.ARCA,ARCA,2025-09-16 13:40:40.600,T00000641,641,460.36,11,B,,,
SPY.P.ARCA,ARCA,2025-09-16 13:40:42.400,T00000642,642,455.47,61,B,,,
SPY.P.ARCA,ARCA,2025-09-16 13:40:43.400,T00000643,643,456.76,27,S,,,
SPY.P.ARCA,ARCA,2025-09-16 13:40:43.500,T00000644,644,456.96000000000004,12,S,,,
SPY.P.ARCA,ARCA,2025-09-16 13:40:44.000,T00000645,645,454.86,31,B,,,
SPY.P.ARCA,ARCA,2025-09-16 13:40:44.200,T00000646,646,457.62,59,B,,,
SPY.P.ARCA,ARCA,2025-09-16 13:40:47.900,T00000647,647,455.27,15,B,,,
SPY.P.ARCA,ARCA,2025-09-16 13:40:48.300,T00000648,648,452.21000000000004,20,S,,,
SPY.P.ARCA,ARCA,2025-09-16 13:40:48.500,T00000649,649,450.37,11,S,,,
SPY.P.ARCA,ARCA,2025-09-16 13:40:50.400,T00000650,650,446.63,30,S,,,
SPY.P.ARCA,ARCA,2025-09-16 13:40:52.400,T00000651,651,449.19,42,B,,,
SPY.P.ARCA,ARCA,2025-09-16 13:40:53.600,T00000652,652,448.68,41,S,,,
SPY.P.ARCA,ARCA,2025-09-16 13:40:53.800,T00000653,653,449.68,15,B,,,
SPY.P.ARCA,ARCA,2025-09-16 13:40:54.700,T00000654,654,449.37,42,B,,,
SPY.P.ARCA,ARCA,2025-09-16 13:40:55.600,T00000655,655,456.23,14,B,,,
SPY.P.ARCA,ARCA,2025-09-16 13:40:55.700,T00000656,656,455.33,22,S,,,
SPY.P.ARCA,ARCA,2025-09-16 13:40:56.200,T00000657,657,454.6,21,S,,,
SPY.P.ARCA,ARCA,2025-09-16 13:40:56.300,T00000658,658,455.05,37,B,,,
SPY.P.ARCA,ARCA,2025-09-16 13:40:59.500,T00000659,659,451.94,11,B,,,
SPY.P.ARCA,ARCA,2025-09-16 13:41:01.100,T00000660,660,448.23,11,B,,,
SPY.P.ARCA,ARCA,2025-09-16 13:41:02.800,T00000661,661,446.41,110,B,,,
SPY.P.ARCA,ARCA,2025-09-16 13:41:04.000,T00000662,662,456.73,12,S,,,
SPY.P.ARCA,ARCA,2025-09-16 13:41:04.800,T00000663,663,458.49,12,B,,,
SPY.P.ARCA,ARCA,2025-09-16 13:41:05.400,T00000664,664,458.47,77,B,,,
SPY.P.ARCA,ARCA,2025-09-16 13:41:06.000,T00000665,665,455.62,23,S,,,
SPY.P.ARCA,ARCA,2025-09-16 13:41:07.200,T00000666,666,454.7,24,B,,,
SPY.P.ARCA,ARCA,2025-09-16 13:41:09.000,T00000667,667,443.06,12,S,,,
SPY.P.ARCA,ARCA,2025-09-16 13:41:10.900,T00000668,668,440.04,60,B,,,
SPY.P.ARCA,ARCA,2025-09-16 13:41:11.200,T00000669,669,442.14,52,S,,,
SPY.P.ARCA,ARCA,2025-09-16 13:41:12.000,T00000670,670,441.56,37,S,,,
SPY.P.ARCA,ARCA,2025-09-16 13:41:12.100,T00000671,671,439.62,18,B,,,
SPY.P.ARCA,ARCA,2025-09-16 13:41:12.400,T00000672,672,445.28000000000003,185,B,,,
SPY.P.ARCA,ARCA,2025-09-16 13:41:12.600,T00000673,673,445.94,22,B,,,
SPY.P.ARCA,ARCA,2025-09-16 13:41:12.700,T00000674,674,446.41,77,B,,,
SPY.P.ARCA,ARCA,2025-09-16 13:41:13.000,T00000675,675,444.22,12,B,,,
SPY.P.ARCA,ARCA,2025-09-16 13:41:13.200,T00000676,676,445.09000000000003,12,S,,,
SPY.P.ARCA,ARCA,2025-09-16 13:41:13.600,T00000677,677,441.99,8,B,,,
SPY.P.ARCA,ARCA,2025-09-16 13:41:13.900,T00000678,678,442.52,162,S,,,
SPY.P.ARCA,ARCA,2025-09-16 13:41:14.500,T00000679,679,443.25,19,S,,,
SPY.P.ARCA,ARCA,2025-09-16 13:41:15.200,T00000680,680,445.69,35,S,,,
SPY.P.ARCA,ARCA,2025-09-16 13:41:15.700,T00000681,681,446.99,32,B,,,
SPY.P.ARCA,ARCA,2025-09-16 13:41:15.900,T00000682,682,449.45,24,B,,,
SPY.P.ARCA,ARCA,2025-09-16 13:41:17.000,T00000683,683,445.22,18,B,,,
SPY.P.ARCA,ARCA,2025-09-16 13:41:17.200,T00000684,684,444.39,15,S,,,
SPY.P.ARCA,ARCA,2025-09-16 13:41:18.000,T00000685,685,445.53000000000003,23,B,,,
SPY.P.ARCA,ARCA,2025-09-16 13:41:19.100,T00000686,686,449.2,41,S,,,
SPY.P.ARCA,ARCA,2025-09-16 13:41:19.900,T00000687,687,450.15000000000003,11,S,,,
SPY.P.ARCA,ARCA,2025-09-16 13:41:20.400,T00000688,688,447.81,30,B,,,
SPY.P.ARCA,ARCA,2025-09-16 13:41:20.900,T00000689,689,446.73,43,S,,,
SPY.P.ARCA,ARCA,2025-09-16 13:41:21.100,T00000690,690,445.49,19,B,,,
SPY.P.ARCA,ARCA,2025-09-16 13:41:21.700,T00000691,691,442.93,20,B,,,
SPY.P.ARCA,ARCA,2025-09-16 13:41:22.000,T00000692,692,441.08,25,B,,,
SPY.P.ARCA,ARCA,2025-09-16 13:41:22.200,T00000693,693,440.09000000000003,10,B,,,
SPY.P.ARCA,ARCA,2025-09-16 13:41:22.900,T00000694,694,433.7,20,S,,,
SPY.P.ARCA,ARCA,2025-09-16 13:41:23.000,T00000695,695,433.12,33,S,,,
SPY.P.ARCA,ARCA,2025-09-16 13:41:23.200,T00000696,696,433.3,14,B,,,
SPY.P.ARCA,ARCA,2025-09-16 13:41:27.200,T00000697,697,436.69,13,B,,,
SPY.P.ARCA,ARCA,2025-09-16 13:41:29.500,T00000698,698,441.94,11,B,,,
SPY.P.ARCA,ARCA,2025-09-16 13:41:29.800,T00000699,699,440.34000000000003,13,B,,,
SPY.P.ARCA,ARCA,2025-09-16 13:41:34.000,T00000700,700,452.28000000000003,10,B,,,
SPY.P.ARCA,ARCA,2025-09-16 13:41:34.200,T00000701,701,452.93,22,S,,,
SPY.P.ARCA,ARCA,2025-09-16 13:41:34.700,T00000702,702,452.19,13,B,,,
SPY.P.ARCA,ARCA,2025-09-16 13:41:36.800,T00000703,703,451.33,29,S,,,
SPY.P.ARCA,ARCA,2025-09-16 13:41:37.700,T00000704,704,450.48,11,S,,,
SPY.P.ARCA,ARCA,2025-09-16 13:41:38.400,T00000705,705,450.36,16,S,,,
SPY.P.ARCA,ARCA,2025-09-16 13:41:39.100,T00000706,706,450.08,11,S,,,
SPY.P.ARCA,ARCA,2025-09-16 13:41:39.600,T00000707,707,449.53000000000003,11,S,,,
SPY.P.ARCA,ARCA,2025-09-16 13:41:40.500,T00000708,708,448.54,18,S,,,
SPY.P.ARCA,ARCA,2025-09-16 13:41:40.800,T00000709,709,446.67,13,S,,,
SPY.P.ARCA,ARCA,2025-09-16 13:41:42.100,T00000710,710,451.82,13,B,,,
SPY.P.ARCA,ARCA,2025-09-16 13:41:43.500,T00000711,711,450.76,15,S,,,
SPY.P.ARCA,ARCA,2025-09-16 13:41:44.900,T00000712,712,450.89,46,S,,,
SPY.P.ARCA,ARCA,2025-09-16 13:41:46.000,T00000713,713,445.35,16,S,,,
SPY.P.ARCA,ARCA,2025-09-16 13:41:49.400,T00000714,714,452.85,11,S,,,
SPY.P.ARCA,ARCA,2025-09-16 13:41:49.600,T00000715,715,453.73,31,S,,,
SPY.P.ARCA,ARCA,2025-09-16 13:41:50.600,T00000716,716,455.48,11,S,,,
SPY.P.ARCA,ARCA,2025-09-16 13:41:51.200,T00000717,717,456.6,14,B,,,
SPY.P.ARCA,ARCA,2025-09-16 13:41:51.300,T00000718,718,454.84000000000003,18,S,,,
SPY.P.ARCA,ARCA,2025-09-16 13:41:51.400,T00000719,719,455.16,56,S,,,
SPY.P.ARCA,ARCA,2025-09-16 13:41:51.900,T00000720,720,455.96000000000004,23,S,,,
SPY.P.ARCA,ARCA,2025-09-16 13:41:52.400,T00000721,721,455.98,34,B,,,
SPY.P.ARCA,ARCA,2025-09-16 13:41:53.500,T00000722,722,452.78000000000003,88,S,,,
SPY.P.ARCA,ARCA,2025-09-16 13:41:54.400,T00000723,723,451.08,88,S,,,
SPY.P.ARCA,ARCA,2025-09-16 13:41:54.500,T00000724,724,449.3,10,S,,,
SPY.P.ARCA,ARCA,2025-09-16 13:41:58.000,T00000725,725,459.52,22,S,,,
SPY.P.ARCA,ARCA,2025-09-16 13:41:58.100,T00000726,726,460.11,13,B,,,
SPY.P.ARCA,ARCA,2025-09-16 13:41:59.200,T00000727,727,457.74,15,B,,,
SPY.P.ARCA,ARCA,2025-09-16 13:41:59.800,T00000728,728,457.88,26,B,,,
SPY.P.ARCA,ARCA,2025-09-16 13:41:59.900,T00000729,729,456.37,23,S,,,
SPY.P.ARCA,ARCA,2025-09-16 13:42:00.700,T00000730,730,452.78000000000003,12,B,,,
SPY.P.ARCA,ARCA,2025-09-16 13:42:02.300,T00000731,731,449.56,28,B,,,
SPY.P.ARCA,ARCA,2025-09-16 13:42:03.700,T00000732,732,446.35,28,B,,,
SPY.P.ARCA,ARCA,2025-09-16 13:42:06.500,T00000733,733,444.12,16,S,,,
SPY.P.ARCA,ARCA,2025-09-16 13:42:06.800,T00000734,734,448.72,16,B,,,
SPY.P.ARCA,ARCA,2025-09-16 13:42:08.600,T00000735,735,458.34000000000003,10,S,,,
SPY.P.ARCA,ARCA,2025-09-16 13:42:09.000,T00000736,736,456.24,162,S,,,
SPY.P.ARCA,ARCA,2025-09-16 13:42:09.300,T00000737,737,457.03000000000003,11,B,,,
SPY.P.ARCA,ARCA,2025-09-16 13:42:10.700,T00000738,738,460.12,14,S,,,
SPY.P.ARCA,ARCA,2025-09-16 13:42:11.800,T00000739,739,464.77,92,S,,,
SPY.P.ARCA,ARCA,2025-09-16 13:42:13.300,T00000740,740,464.56,19,S,,,
SPY.P.ARCA,ARCA,2025-09-16 13:42:16.200,T00000741,741,473.05,18,S,,,
SPY.P.ARCA,ARCA,2025-09-16 13:42:17.000,T00000742,742,469.39,12,B,,,
SPY.P.ARCA,ARCA,2025-09-16 13:42:17.600,T00000743,743,468.27,53,S,,,
SPY.P.ARCA,ARCA,2025-09-16 13:42:19.200,T00000744,744,469.32,11,S,,,
SPY.P.ARCA,ARCA,2025-09-16 13:42:21.100,T00000745,745,470.8,105,S,,,
SPY.P.ARCA,ARCA,2025-09-16 13:42:21.200,T00000746,746,472.08,22,B,,,
SPY.P.ARCA,ARCA,2025-09-16 13:42:23.800,T00000747,747,454.63,44,B,,,
SPY.P.ARCA,ARCA,2025-09-16 13:42:25.000,T00000748,748,457.26,25,B,,,
SPY.P.ARCA,ARCA,2025-09-16 13:42:25.200,T00000749,749,456.16,58,S,,,
SPY.P.ARCA,ARCA,2025-09-16 13:42:25.300,T00000750,750,456.26,41,B,,,
SPY.P.ARCA,ARCA,2025-09-16 13:42:25.500,T00000751,751,456.35,13,B,,,
SPY.P.ARCA,ARCA,2025-09-16 13:42:28.400,T00000752,752,458.57,52,S,,,
SPY.P.ARCA,ARCA,2025-09-16 13:42:29.900,T00000753,753,457.37,97,S,,,
SPY.P.ARCA,ARCA,2025-09-16 13:42:30.000,T00000754,754,457.26,84,S,,,
SPY.P.ARCA,ARCA,2025-09-16 13:42:30.400,T00000755,755,460.18,26,S,,,
SPY.P.ARCA,ARCA,2025-09-16 13:42:31.200,T00000756,756,464.40000000000003,39,B,,,
SPY.P.ARCA,ARCA,2025-09-16 13:42:31.900,T00000757,757,466.26,10,B,,,
SPY.P.ARCA,ARCA,2025-09-16 13:42:34.600,T00000758,758,460.77,28,S,,,
SPY.P.ARCA,ARCA,2025-09-16 13:42:34.700,T00000759,759,463.42,6,B,,,
SPY.P.ARCA,ARCA,2025-09-16 13:42:34.900,T00000760,760,463.05,13,B,,,
SPY.P.ARCA,ARCA,2025-09-16 13:42:38.100,T00000761,761,462.42,15,B,,,
SPY.P.ARCA,ARCA,2025-09-16 13:42:39.000,T00000762,762,458.15000000000003,15,S,,,
SPY.P.ARCA,ARCA,2025-09-16 13:42:39.500,T00000763,763,458.25,16,B,,,
SPY.P.ARCA,ARCA,2025-09-16 13:42:39.600,T00000764,764,458.0,16,S,,,
SPY.P.ARCA,ARCA,2025-09-16 13:42:40.400,T00000765,765,452.53000000000003,27,B,,,
SPY.P.ARCA,ARCA,2025-09-16 13:42:40.900,T00000766,766,450.3,53,B,,,
SPY.P.ARCA,ARCA,2025-09-16 13:42:41.100,T00000767,767,450.72,15,S,,,
SPY.P.ARCA,ARCA,2025-09-16 13:42:41.600,T00000768,768,450.82,22,S,,,
SPY.P.ARCA,ARCA,2025-09-16 13:42:42.100,T00000769,769,450.94,27,S,,,
SPY.P.ARCA,ARCA,2025-09-16 13:42:43.600,T00000770,770,449.2,16,S,,,
SPY.P.ARCA,ARCA,2025-09-16 13:42:44.500,T00000771,771,450.51,50,S,,,
SPY.P.ARCA,ARCA,2025-09-16 13:42:45.300,T00000772,772,450.58,29,S,,,
SPY.P.ARCA,ARCA,2025-09-16 13:42:45.400,T00000773,773,451.11,40,S,,,
SPY.P.ARCA,ARCA,2025-09-16 13:42:46.300,T00000774,774,444.42,16,B,,,
SPY.P.ARCA,ARCA,2025-09-16 13:42:46.700,T00000775,775,446.17,86,B,,,
SPY.P.ARCA,ARCA,2025-09-16 13:42:48.100,T00000776,776,448.17,18,S,,,
SPY.P.ARCA,ARCA,2025-09-16 13:42:48.700,T00000777,777,454.14,10,B,,,
SPY.P.ARCA,ARCA,2025-09-16 13:42:50.800,T00000778,778,451.26,12,B,,,
SPY.P.ARCA,ARCA,2025-09-16 13:42:51.300,T00000779,779,451.17,10,S,,,
SPY.P.ARCA,ARCA,2025-09-16 13:42:51.400,T00000780,780,450.35,17,S,,,
SPY.P.ARCA,ARCA,2025-09-16 13:42:51.900,T00000781,781,449.2,17,B,,,
SPY.P.ARCA,ARCA,2025-09-16 13:42:53.700,T00000782,782,443.02,93,S,,,
SPY.P.ARCA,ARCA,2025-09-16 13:42:54.100,T00000783,783,448.53000000000003,19,B,,,
SPY.P.ARCA,ARCA,2025-09-16 13:42:54.500,T00000784,784,452.38,13,B,,,
SPY.P.ARCA,ARCA,2025-09-16 13:42:56.300,T00000785,785,453.2,13,S,,,
SPY.P.ARCA,ARCA,2025-09-16 13:42:56.600,T00000786,786,453.22,39,B,,,
SPY.P.ARCA,ARCA,2025-09-16 13:42:56.800,T00000787,787,451.93,77,B,,,
SPY.P.ARCA,ARCA,2025-09-16 13:43:00.700,T00000788,788,453.06,11,B,,,
SPY.P.ARCA,ARCA,2025-09-16 13:43:01.200,T00000789,789,450.93,42,S,,,
SPY.P.ARCA,ARCA,2025-09-16 13:43:01.700,T00000790,790,452.6,14,B,,,
SPY.P.ARCA,ARCA,2025-09-16 13:43:02.200,T00000791,791,452.43,20,S,,,
SPY.P.ARCA,ARCA,2025-09-16 13:43:02.800,T00000792,792,452.14,60,B,,,
SPY.P.ARCA,ARCA,2025-09-16 13:43:03.300,T00000793,793,450.05,20,S,,,
SPY.P.ARCA,ARCA,2025-09-16 13:43:06.600,T00000794,794,457.12,1,B,,,
SPY.P.ARCA,ARCA,2025-09-16 13:43:09.900,T00000795,795,457.27,14,B,,,
SPY.P.ARCA,ARCA,2025-09-16 13:43:10.400,T00000796,796,458.87,25,B,,,
SPY.P.ARCA,ARCA,2025-09-16 13:43:11.000,T00000797,797,465.76,69,S,,,
SPY.P.ARCA,ARCA,2025-09-16 13:43:12.700,T00000798,798,453.14,21,S,,,
SPY.P.ARCA,ARCA,2025-09-16 13:43:13.000,T00000799,799,451.88,22,S,,,
SPY.P.ARCA,ARCA,2025-09-16 13:43:14.000,T00000800,800,457.28000000000003,69,B,,,
SPY.P.ARCA,ARCA,2025-09-16 13:43:15.100,T00000801,801,460.40000000000003,49,B,,,
SPY.P.ARCA,ARCA,2025-09-16 13:43:15.400,T00000802,802,462.33,10,S,,,
SPY.P.ARCA,ARCA,2025-09-16 13:43:16.300,T00000803,803,464.15000000000003,11,B,,,
SPY.P.ARCA,ARCA,2025-09-16 13:43:16.800,T00000804,804,465.31,17,B,,,
SPY.P.ARCA,ARCA,2025-09-16 13:43:19.500,T00000805,805,458.89,24,B,,,
SPY.P.ARCA,ARCA,2025-09-16 13:43:20.300,T00000806,806,460.77,15,B,,,
SPY.P.ARCA,ARCA,2025-09-16 13:43:21.000,T00000807,807,460.26,19,B,,,
SPY.P.ARCA,ARCA,2025-09-16 13:43:21.300,T00000808,808,456.40000000000003,7,B,,,
SPY.P.ARCA,ARCA,2025-09-16 13:43:22.600,T00000809,809,459.63,2,S,,,
SPY.P.ARCA,ARCA,2025-09-16 13:43:23.000,T00000810,810,455.91,34,S,,,
SPY.P.ARCA,ARCA,2025-09-16 13:43:24.800,T00000811,811,452.35,40,S,,,
SPY.P.ARCA,ARCA,2025-09-16 13:43:27.200,T00000812,812,455.44,20,B,,,
SPY.P.ARCA,ARCA,2025-09-16 13:43:28.700,T00000813,813,451.96000000000004,18,B,,,
SPY.P.ARCA,ARCA,2025-09-16 13:43:29.200,T00000814,814,453.18,14,B,,,
SPY.P.ARCA,ARCA,2025-09-16 13:43:31.200,T00000815,815,453.06,14,S,,,
SPY.P.ARCA,ARCA,2025-09-16 13:43:31.900,T00000816,816,452.87,34,B,,,
SPY.P.ARCA,ARCA,2025-09-16 13:43:32.400,T00000817,817,450.46000000000004,29,B,,,
SPY.P.ARCA,ARCA,2025-09-16 13:43:32.500,T00000818,818,448.47,18,B,,,
SPY.P.ARCA,ARCA,2025-09-16 13:43:35.900,T00000819,819,452.99,12,S,,,
SPY.P.ARCA,ARCA,2025-09-16 13:43:37.900,T00000820,820,450.47,23,S,,,
SPY.P.ARCA,ARCA,2025-09-16 13:43:38.400,T00000821,821,444.46000000000004,27,S,,,
SPY.P.ARCA,ARCA,2025-09-16 13:43:40.300,T00000822,822,449.71000000000004,12,B,,,
SPY.P.ARCA,ARCA,2025-09-16 13:43:41.700,T00000823,823,444.54,77,B,,,
SPY.P.ARCA,ARCA,2025-09-16 13:43:42.000,T00000824,824,444.26,49,B,,,
SPY.P.ARCA,ARCA,2025-09-16 13:43:42.500,T00000825,825,448.77,19,B,,,
SPY.P.ARCA,ARCA,2025-09-16 13:43:43.300,T00000826,826,448.91,15,B,,,
SPY.P.ARCA,ARCA,2025-09-16 13:43:43.800,T00000827,827,446.74,32,S,,,
SPY.P.ARCA,ARCA,2025-09-16 13:43:44.600,T00000828,828,446.0,12,S,,,
SPY.P.ARCA,ARCA,2025-09-16 13:43:45.400,T00000829,829,451.43,11,S,,,
SPY.P.ARCA,ARCA,2025-09-16 13:43:46.100,T00000830,830,455.99,11,B,,,
SPY.P.ARCA,ARCA,2025-09-16 13:43:46.500,T00000831,831,454.78000000000003,81,S,,,
SPY.P.ARCA,ARCA,2025-09-16 13:43:48.400,T00000832,832,458.68,38,B,,,
SPY.P.ARCA,ARCA,2025-09-16 13:43:48.800,T00000833,833,459.45,24,B,,,
SPY.P.ARCA,ARCA,2025-09-16 13:43:50.300,T00000834,834,453.78000000000003,20,B,,,
SPY.P.ARCA,ARCA,2025-09-16 13:43:51.200,T00000835,835,451.38,12,S,,,
SPY.P.ARCA,ARCA,2025-09-16 13:43:52.000,T00000836,836,446.42,18,B,,,
SPY.P.ARCA,ARCA,2025-09-16 13:43:53.000,T00000837,837,448.89,15,B,,,
SPY.P.ARCA,ARCA,2025-09-16 13:43:54.500,T00000838,838,448.79,15,B,,,
SPY.P.ARCA,ARCA,2025-09-16 13:43:55.100,T00000839,839,450.58,11,B,,,
SPY.P.ARCA,ARCA,2025-09-16 13:43:55.400,T00000840,840,448.25,13,B,,,
SPY.P.ARCA,ARCA,2025-09-16 13:43:55.900,T00000841,841,448.13,14,B,,,
SPY.P.ARCA,ARCA,2025-09-16 13:43:56.400,T00000842,842,447.34000000000003,14,B,,,
SPY.P.ARCA,ARCA,2025-09-16 13:43:59.600,T00000843,843,444.63,17,S,,,
SPY.P.ARCA,ARCA,2025-09-16 13:43:59.800,T00000844,844,444.59000000000003,34,S,,,
SPY.P.ARCA,ARCA,2025-09-16 13:44:00.300,T00000845,845,446.07,12,S,,,
SPY.P.ARCA,ARCA,2025-09-16 13:44:01.100,T00000846,846,445.83,31,B,,,
SPY.P.ARCA,ARCA,2025-09-16 13:44:04.900,T00000847,847,439.11,13,B,,,
SPY.P.ARCA,ARCA,2025-09-16 13:44:05.300,T00000848,848,436.90000000000003,41,S,,,
SPY.P.ARCA,ARCA,2025-09-16 13:44:05.900,T00000849,849,434.57,22,S,,,
SPY.P.ARCA,ARCA,2025-09-16 13:44:07.900,T00000850,850,444.7,13,B,,,
SPY.P.ARCA,ARCA,2025-09-16 13:44:10.100,T00000851,851,443.41,13,S,,,
SPY.P.ARCA,ARCA,2025-09-16 13:44:10.300,T00000852,852,442.91,94,S,,,
SPY.P.ARCA,ARCA,2025-09-16 13:44:11.500,T00000853,853,439.46000000000004,25,S,,,
SPY.P.ARCA,ARCA,2025-09-16 13:44:11.900,T00000854,854,438.15000000000003,48,S,,,
SPY.P.ARCA,ARCA,2025-09-16 13:44:13.300,T00000855,855,444.69,11,B,,,
SPY.P.ARCA,ARCA,2025-09-16 13:44:14.400,T00000856,856,445.95,17,B,,,
SPY.P.ARCA,ARCA,2025-09-16 13:44:15.000,T00000857,857,445.19,12,B,,,
SPY.P.ARCA,ARCA,2025-09-16 13:44:15.200,T00000858,858,445.26,26,B,,,
SPY.P.ARCA,ARCA,2025-09-16 13:44:15.600,T00000859,859,442.29,12,B,,,
SPY.P.ARCA,ARCA,2025-09-16 13:44:16.700,T00000860,860,448.26,12,S,,,
SPY.P.ARCA,ARCA,2025-09-16 13:44:18.400,T00000861,861,453.7,16,S,,,
SPY.P.ARCA,ARCA,2025-09-16 13:44:20.600,T00000862,862,452.93,20,B,,,
SPY.P.ARCA,ARCA,2025-09-16 13:44:24.300,T00000863,863,462.90000000000003,24,S,,,
SPY.P.ARCA,ARCA,2025-09-16 13:44:24.500,T00000864,864,460.41,23,S,,,
SPY.P.ARCA,ARCA,2025-09-16 13:44:24.800,T00000865,865,457.33,25,S,,,
SPY.P.ARCA,ARCA,2025-09-16 13:44:27.200,T00000866,866,458.28000000000003,42,S,,,
SPY.P.ARCA,ARCA,2025-09-16 13:44:27.700,T00000867,867,455.99,21,S,,,
SPY.P.ARCA,ARCA,2025-09-16 13:44:28.300,T00000868,868,456.49,92,S,,,
SPY.P.ARCA,ARCA,2025-09-16 13:44:28.800,T00000869,869,452.24,68,S,,,
SPY.P.ARCA,ARCA,2025-09-16 13:44:31.500,T00000870,870,447.93,26,S,,,
SPY.P.ARCA,ARCA,2025-09-16 13:44:33.800,T00000871,871,447.02,39,S,,,
SPY.P.ARCA,ARCA,2025-09-16 13:44:34.000,T00000872,872,446.73,11,B,,,
SPY.P.ARCA,ARCA,2025-09-16 13:44:34.700,T00000873,873,448.74,87,S,,,
SPY.P.ARCA,ARCA,2025-09-16 13:44:36.300,T00000874,874,451.88,77,B,,,
SPY.P.ARCA,ARCA,2025-09-16 13:44:36.600,T00000875,875,449.84000000000003,11,S,,,
SPY.P.ARCA,ARCA,2025-09-16 13:44:37.800,T00000876,876,451.29,15,S,,,
SPY.P.ARCA,ARCA,2025-09-16 13:44:38.000,T00000877,877,450.53000000000003,95,B,,,
SPY.P.ARCA,ARCA,2025-09-16 13:44:38.100,T00000878,878,449.93,19,B,,,
SPY.P.ARCA,ARCA,2025-09-16 13:44:39.600,T00000879,879,455.17,19,S,,,
SPY.P.ARCA,ARCA,2025-09-16 13:44:39.800,T00000880,880,453.87,32,B,,,
SPY.P.ARCA,ARCA,2025-09-16 13:44:40.400,T00000881,881,453.0,45,S,,,
SPY.P.ARCA,ARCA,2025-09-16 13:44:41.400,T00000882,882,446.57,16,S,,,
SPY.P.ARCA,ARCA,2025-09-16 13:44:42.300,T00000883,883,446.79,14,B,,,
SPY.P.ARCA,ARCA,2025-09-16 13:44:43.000,T00000884,884,444.65000000000003,26,B,,,
SPY.P.ARCA,ARCA,2025-09-16 13:44:44.200,T00000885,885,450.98,20,S,,,
SPY.P.ARCA,ARCA,2025-09-16 13:44:44.900,T00000886,886,451.55,15,B,,,
SPY.P.ARCA,ARCA,2025-09-16 13:44:45.100,T00000887,887,450.22,23,B,,,
SPY.P.ARCA,ARCA,2025-09-16 13:44:45.400,T00000888,888,449.32,18,B,,,
SPY.P.ARCA,ARCA,2025-09-16 13:44:45.600,T00000889,889,449.26,28,S,,,
SPY.P.ARCA,ARCA,2025-09-16 13:44:45.700,T00000890,890,448.5,11,S,,,
SPY.P.ARCA,ARCA,2025-09-16 13:44:45.800,T00000891,891,448.13,16,S,,,
SPY.P.ARCA,ARCA,2025-09-16 13:44:46.600,T00000892,892,450.72,12,B,,,
SPY.P.ARCA,ARCA,2025-09-16 13:44:46.900,T00000893,893,454.42,10,B,,,
SPY.P.ARCA,ARCA,2025-09-16 13:44:48.200,T00000894,894,450.97,23,B,,,
SPY.P.ARCA,ARCA,2025-09-16 13:44:48.500,T00000895,895,452.97,22,B,,,
SPY.P.ARCA,ARCA,2025-09-16 13:44:53.900,T00000896,896,461.86,77,S,,,
SPY.P.ARCA,ARCA,2025-09-16 13:44:54.600,T00000897,897,460.56,10,S,,,
SPY.P.ARCA,ARCA,2025-09-16 13:44:55.800,T00000898,898,462.44,14,B,,,
SPY.P.ARCA,ARCA,2025-09-16 13:44:56.000,T00000899,899,462.52,31,B,,,
SPY.P.ARCA,ARCA,2025-09-16 13:44:56.700,T00000900,900,462.95,22,B,,,
SPY.P.ARCA,ARCA,2025-09-16 13:44:56.900,T00000901,901,465.05,42,S,,,
SPY.P.ARCA,ARCA,2025-09-16 13:44:58.200,T00000902,902,465.16,11,B,,,
SPY.P.ARCA,ARCA,2025-09-16 13:44:59.000,T00000903,903,462.97,84,B,,,
SPY.P.ARCA,ARCA,2025-09-16 13:45:00.800,T00000904,904,460.28000000000003,16,B,,,
SPY.P.ARCA,ARCA,2025-09-16 13:45:01.100,T00000905,905,458.87,10,S,,,
SPY.P.ARCA,ARCA,2025-09-16 13:45:01.200,T00000906,906,459.08,19,B,,,
SPY.P.ARCA,ARCA,2025-09-16 13:45:01.900,T00000907,907,456.40000000000003,16,B,,,
SPY.P.ARCA,ARCA,2025-09-16 13:45:02.300,T00000908,908,456.17,27,S,,,
SPY.P.ARCA,ARCA,2025-09-16 13:45:05.400,T00000909,909,453.02,31,S,,,
SPY.P.ARCA,ARCA,2025-09-16 13:45:06.200,T00000910,910,448.83,22,B,,,
SPY.P.ARCA,ARCA,2025-09-16 13:45:06.300,T00000911,911,450.15000000000003,18,B,,,
SPY.P.ARCA,ARCA,2025-09-16 13:45:07.700,T00000912,912,457.13,23,B,,,
SPY.P.ARCA,ARCA,2025-09-16 13:45:09.700,T00000913,913,453.24,11,S,,,
SPY.P.ARCA,ARCA,2025-09-16 13:45:10.200,T00000914,914,456.27,19,B,,,
SPY.P.ARCA,ARCA,2025-09-16 13:45:11.400,T00000915,915,455.23,2,S,,,
SPY.P.ARCA,ARCA,2025-09-16 13:45:11.500,T00000916,916,454.99,26,S,,,
SPY.P.ARCA,ARCA,2025-09-16 13:45:11.900,T00000917,917,458.46000000000004,23,B,,,
SPY.P.ARCA,ARCA,2025-09-16 13:45:12.400,T00000918,918,458.14,51,S,,,
SPY.P.ARCA,ARCA,2025-09-16 13:45:13.000,T00000919,919,455.74,147,S,,,
SPY.P.ARCA,ARCA,2025-09-16 13:45:13.400,T00000920,920,455.66,37,S,,,
SPY.P.ARCA,ARCA,2025-09-16 13:45:13.700,T00000921,921,456.97,16,S,,,
SPY.P.ARCA,ARCA,2025-09-16 13:45:13.800,T00000922,922,455.13,77,S,,,
SPY.P.ARCA,ARCA,2025-09-16 13:45:14.100,T00000923,923,456.26,13,S,,,
SPY.P.ARCA,ARCA,2025-09-16 13:45:16.100,T00000924,924,456.49,98,B,,,
SPY.P.ARCA,ARCA,2025-09-16 13:45:16.400,T00000925,925,456.26,150,S,,,
SPY.P.ARCA,ARCA,2025-09-16 13:45:16.700,T00000926,926,458.21000000000004,53,B,,,
SPY.P.ARCA,ARCA,2025-09-16 13:45:17.000,T00000927,927,455.61,18,S,,,
SPY.P.ARCA,ARCA,2025-09-16 13:45:18.700,T00000928,928,451.28000000000003,13,B,,,
SPY.P.ARCA,ARCA,2025-09-16 13:45:19.100,T00000929,929,449.81,14,B,,,
SPY.P.ARCA,ARCA,2025-09-16 13:45:19.200,T00000930,930,449.95,15,B,,,
SPY.P.ARCA,ARCA,2025-09-16 13:45:19.500,T00000931,931,447.03000000000003,43,B,,,
SPY.P.ARCA,ARCA,2025-09-16 13:45:19.900,T00000932,932,449.7,58,S,,,
SPY.P.ARCA,ARCA,2025-09-16 13:45:20.100,T00000933,933,447.96000000000004,14,S,,,
SPY.P.ARCA,ARCA,2025-09-16 13:45:21.300,T00000934,934,446.77,16,B,,,
SPY.P.ARCA,ARCA,2025-09-16 13:45:24.200,T00000935,935,451.78000000000003,67,S,,,
SPY.P.ARCA,ARCA,2025-09-16 13:45:27.300,T00000936,936,453.14,27,B,,,
SPY.P.ARCA,ARCA,2025-09-16 13:45:27.900,T00000937,937,456.21000000000004,30,S,,,
SPY.P.ARCA,ARCA,2025-09-16 13:45:29.600,T00000938,938,456.41,17,S,,,
SPY.P.ARCA,ARCA,2025-09-16 13:45:29.700,T00000939,939,457.21000000000004,46,B,,,
SPY.P.ARCA,ARCA,2025-09-16 13:45:30.500,T00000940,940,455.56,19,B,,,
SPY.P.ARCA,ARCA,2025-09-16 13:45:31.000,T00000941,941,451.11,28,S,,,
SPY.P.ARCA,ARCA,2025-09-16 13:45:33.800,T00000942,942,440.97,15,S,,,
SPY.P.ARCA,ARCA,2025-09-16 13:45:35.500,T00000943,943,450.76,13,S,,,
SPY.P.ARCA,ARCA,2025-09-16 13:45:36.900,T00000944,944,454.92,15,B,,,
SPY.P.ARCA,ARCA,2025-09-16 13:45:37.400,T00000945,945,456.95,59,S,,,
SPY.P.ARCA,ARCA,2025-09-16 13:45:37.500,T00000946,946,457.45,11,S,,,
SPY.P.ARCA,ARCA,2025-09-16 13:45:38.000,T00000947,947,458.56,11,B,,,
SPY.P.ARCA,ARCA,2025-09-16 13:45:38.200,T00000948,948,458.46000000000004,37,B,,,
SPY.P.ARCA,ARCA,2025-09-16 13:45:38.800,T00000949,949,460.48,14,S,,,
SPY.P.ARCA,ARCA,2025-09-16 13:45:39.700,T00000950,950,457.58,110,S,,,
SPY.P.ARCA,ARCA,2025-09-16 13:45:39.800,T00000951,951,456.45,14,B,,,
SPY.P.ARCA,ARCA,2025-09-16 13:45:42.000,T00000952,952,455.76,15,S,,,
SPY.P.ARCA,ARCA,2025-09-16 13:45:43.100,T00000953,953,458.40000000000003,14,S,,,
SPY.P.ARCA,ARCA,2025-09-16 13:45:43.200,T00000954,954,456.66,21,S,,,
SPY.P.ARCA,ARCA,2025-09-16 13:45:43.400,T00000955,955,456.48,32,S,,,
SPY.P.ARCA,ARCA,2025-09-16 13:45:44.000,T00000956,956,461.71000000000004,15,S,,,
SPY.P.ARCA,ARCA,2025-09-16 13:45:45.200,T00000957,957,459.26,32,B,,,
SPY.P.ARCA,ARCA,2025-09-16 13:45:48.200,T00000958,958,461.79,24,S,,,
SPY.P.ARCA,ARCA,2025-09-16 13:45:49.300,T00000959,959,455.27,13,S,,,
SPY.P.ARCA,ARCA,2025-09-16 13:45:50.200,T00000960,960,458.63,71,S,,,
SPY.P.ARCA,ARCA,2025-09-16 13:45:50.900,T00000961,961,457.29,20,B,,,
SPY.P.ARCA,ARCA,2025-09-16 13:45:58.500,T00000962,962,448.77,21,B,,,
SPY.P.ARCA,ARCA,2025-09-16 13:45:58.700,T00000963,963,448.1,22,S,,,
SPY.P.ARCA,ARCA,2025-09-16 13:45:59.200,T00000964,964,445.59000000000003,60,S,,,
SPY.P.ARCA,ARCA,2025-09-16 13:45:59.300,T00000965,965,446.34000000000003,12,B,,,
SPY.P.ARCA,ARCA,2025-09-16 13:46:00.600,T00000966,966,446.92,11,S,,,
SPY.P.ARCA,ARCA,2025-09-16 13:46:00.800,T00000967,967,449.27,10,B,,,
SPY.P.ARCA,ARCA,2025-09-16 13:46:00.900,T00000968,968,448.91,44,S,,,
SPY.P.ARCA,ARCA,2025-09-16 13:46:03.200,T00000969,969,432.96000000000004,14,B,,,
SPY.P.ARCA,ARCA,2025-09-16 13:46:03.600,T00000970,970,433.21000000000004,10,S,,,
SPY.P.ARCA,ARCA,2025-09-16 13:46:04.300,T00000971,971,439.63,30,S,,,
SPY.P.ARCA,ARCA,2025-09-16 13:46:04.600,T00000972,972,437.03000000000003,10,B,,,
SPY.P.ARCA,ARCA,2025-09-16 13:46:07.200,T00000973,973,446.28000000000003,30,S,,,
SPY.P.ARCA,ARCA,2025-09-16 13:46:08.500,T00000974,974,444.94,105,B,,,
SPY.P.ARCA,ARCA,2025-09-16 13:46:09.500,T00000975,975,441.88,31,S,,,
SPY.P.ARCA,ARCA,2025-09-16 13:46:10.600,T00000976,976,444.16,44,B,,,
SPY.P.ARCA,ARCA,2025-09-16 13:46:12.300,T00000977,977,452.13,11,B,,,
SPY.P.ARCA,ARCA,2025-09-16 13:46:13.300,T00000978,978,460.43,13,S,,,
SPY.P.ARCA,ARCA,2025-09-16 13:46:14.500,T00000979,979,458.67,29,S,,,
SPY.P.ARCA,ARCA,2025-09-16 13:46:15.500,T00000980,980,453.48,20,B,,,
SPY.P.ARCA,ARCA,2025-09-16 13:46:16.600,T00000981,981,452.72,58,B,,,
SPY.P.ARCA,ARCA,2025-09-16 13:46:18.200,T00000982,982,453.32,61,S,,,
SPY.P.ARCA,ARCA,2025-09-16 13:46:18.800,T00000983,983,451.21000000000004,41,B,,,
SPY.P.ARCA,ARCA,2025-09-16 13:46:20.600,T00000984,984,453.06,16,B,,,
SPY.P.ARCA,ARCA,2025-09-16 13:46:21.400,T00000985,985,451.12,126,S,,,
SPY.P.ARCA,ARCA,2025-09-16 13:46:21.500,T00000986,986,451.99,189,B,,,
SPY.P.ARCA,ARCA,2025-09-16 13:46:23.600,T00000987,987,453.31,13,B,,,
SPY.P.ARCA,ARCA,2025-09-16 13:46:24.800,T00000988,988,450.89,11,S,,,
SPY.P.ARCA,ARCA,2025-09-16 13:46:25.100,T00000989,989,452.75,16,B,,,
SPY.P.ARCA,ARCA,2025-09-16 13:46:25.600,T00000990,990,451.08,14,B,,,
SPY.P.ARCA,ARCA,2025-09-16 13:46:26.900,T00000991,991,443.93,31,S,,,
SPY.P.ARCA,ARCA,2025-09-16 13:46:27.100,T00000992,992,445.0,77,S,,,
SPY.P.ARCA,ARCA,2025-09-16 13:46:28.000,T00000993,993,443.02,45,S,,,
SPY.P.ARCA,ARCA,2025-09-16 13:46:28.600,T00000994,994,446.8,17,B,,,
SPY.P.ARCA,ARCA,2025-09-16 13:46:29.200,T00000995,995,451.39,18,S,,,
SPY.P.ARCA,ARCA,2025-09-16 13:46:30.800,T00000996,996,447.15000000000003,23,S,,,
SPY.P.ARCA,ARCA,2025-09-16 13:46:31.600,T00000997,997,445.02,19,B,,,
SPY.P.ARCA,ARCA,2025-09-16 13:46:33.600,T00000998,998,440.3,77,S,,,
SPY.P.ARCA,ARCA,2025-09-16 13:46:35.100,T00000999,999,443.54,14,B,,,
SPY.P.ARCA,ARCA,2025-09-16 13:46:37.200,T00001000,1000,444.32,23,B,,,
SPY.P.ARCA,ARCA,2025-09-16 13:46:38.500,T00001001,1001,445.98,13,B,,,
SPY.P.ARCA,ARCA,2025-09-16 13:46:40.000,T00001002,1002,442.67,16,B,,,
SPY.P.ARCA,ARCA,2025-09-16 13:46:41.600,T00001003,1003,448.09000000000003,23,B,,,
SPY.P.ARCA,ARCA,2025-09-16 13:46:43.000,T00001004,1004,448.38,21,B,,,
SPY.P.ARCA,ARCA,2025-09-16 13:46:44.100,T00001005,1005,446.25,15,B,,,
SPY.P.ARCA,ARCA,2025-09-16 13:46:44.700,T00001006,1006,445.15000000000003,20,S,,,
SPY.P.ARCA,ARCA,2025-09-16 13:46:44.800,T00001007,1007,445.6,13,B,,,
SPY.P.ARCA,ARCA,2025-09-16 13:46:46.200,T00001008,1008,444.72,24,S,,,
SPY.P.ARCA,ARCA,2025-09-16 13:46:46.700,T00001009,1009,442.75,84,S,,,
SPY.P.ARCA,ARCA,2025-09-16 13:46:46.900,T00001010,1010,445.15000000000003,34,B,,,
SPY.P.ARCA,ARCA,2025-09-16 13:46:47.100,T00001011,1011,445.32,12,B,,,
SPY.P.ARCA,ARCA,2025-09-16 13:46:47.900,T00001012,1012,442.25,12,S,,,
SPY.P.ARCA,ARCA,2025-09-16 13:46:48.300,T00001013,1013,440.1,20,S,,,
SPY.P.ARCA,ARCA,2025-09-16 13:46:48.600,T00001014,1014,440.32,21,S,,,
SPY.P.ARCA,ARCA,2025-09-16 13:46:49.300,T00001015,1015,443.59000000000003,11,S,,,
SPY.P.ARCA,ARCA,2025-09-16 13:46:49.400,T00001016,1016,445.19,36,B,,,
SPY.P.ARCA,ARCA,2025-09-16 13:46:50.200,T00001017,1017,443.56,10,B,,,
SPY.P.ARCA,ARCA,2025-09-16 13:46:52.000,T00001018,1018,447.73,23,S,,,
SPY.P.ARCA,ARCA,2025-09-16 13:46:52.500,T00001019,1019,449.90000000000003,47,S,,,
SPY.P.ARCA,ARCA,2025-09-16 13:46:53.100,T00001020,1020,448.58,161,B,,,
SPY.P.ARCA,ARCA,2025-09-16 13:46:53.800,T00001021,1021,452.93,48,S,,,
SPY.P.ARCA,ARCA,2025-09-16 13:46:55.100,T00001022,1022,450.71000000000004,28,B,,,
SPY.P.ARCA,ARCA,2025-09-16 13:46:55.600,T00001023,1023,448.90000000000003,30,B,,,
SPY.P.ARCA,ARCA,2025-09-16 13:46:56.400,T00001024,1024,447.79,17,S,,,
SPY.P.ARCA,ARCA,2025-09-16 13:46:56.500,T00001025,1025,446.24,15,B,,,
SPY.P.ARCA,ARCA,2025-09-16 13:46:56.600,T00001026,1026,447.06,13,B,,,
SPY.P.ARCA,ARCA,2025-09-16 13:46:57.200,T00001027,1027,450.29,13,S,,,
SPY.P.ARCA,ARCA,2025-09-16 13:47:00.400,T00001028,1028,437.93,37,S,,,
SPY.P.ARCA,ARCA,2025-09-16 13:47:03.100,T00001029,1029,450.88,36,S,,,
SPY.P.ARCA,ARCA,2025-09-16 13:47:03.200,T00001030,1030,450.57,29,B,,,
SPY.P.ARCA,ARCA,2025-09-16 13:47:04.000,T00001031,1031,451.7,17,S,,,
SPY.P.ARCA,ARCA,2025-09-16 13:47:05.100,T00001032,1032,454.35,13,B,,,
SPY.P.ARCA,ARCA,2025-09-16 13:47:06.100,T00001033,1033,453.19,19,B,,,
SPY.P.ARCA,ARCA,2025-09-16 13:47:07.400,T00001034,1034,451.52,30,B,,,
SPY.P.ARCA,ARCA,2025-09-16 13:47:08.600,T00001035,1035,455.05,59,S,,,
SPY.P.ARCA,ARCA,2025-09-16 13:47:08.700,T00001036,1036,453.98,77,B,,,
SPY.P.ARCA,ARCA,2025-09-16 13:47:09.700,T00001037,1037,450.78000000000003,15,S,,,
SPY.P.ARCA,ARCA,2025-09-16 13:47:11.500,T00001038,1038,454.35,25,B,,,
SPY.P.ARCA,ARCA,2025-09-16 13:47:13.600,T00001039,1039,454.35,16,B,,,
SPY.P.ARCA,ARCA,2025-09-16 13:47:14.000,T00001040,1040,454.12,19,S,,,
SPY.P.ARCA,ARCA,2025-09-16 13:47:14.300,T00001041,1041,450.34000000000003,40,S,,,
SPY.P.ARCA,ARCA,2025-09-16 13:47:15.400,T00001042,1042,444.07,28,B,,,
SPY.P.ARCA,ARCA,2025-09-16 13:47:16.500,T00001043,1043,450.92,34,S,,,
SPY.P.ARCA,ARCA,2025-09-16 13:47:17.400,T00001044,1044,449.81,8,S,,,
SPY.P.ARCA,ARCA,2025-09-16 13:47:17.500,T00001045,1045,450.47,12,B,,,
SPY.P.ARCA,ARCA,2025-09-16 13:47:18.200,T00001046,1046,443.64,42,S,,,
SPY.P.ARCA,ARCA,2025-09-16 13:47:21.700,T00001047,1047,442.3,10,B,,,
SPY.P.ARCA,ARCA,2025-09-16 13:47:23.400,T00001048,1048,444.19,18,S,,,
SPY.P.ARCA,ARCA,2025-09-16 13:47:23.600,T00001049,1049,441.85,15,S,,,
SPY.P.ARCA,ARCA,2025-09-16 13:47:24.500,T00001050,1050,441.87,20,B,,,
SPY.P.ARCA,ARCA,2025-09-16 13:47:24.600,T00001051,1051,441.67,43,B,,,
SPY.P.ARCA,ARCA,2025-09-16 13:47:25.500,T00001052,1052,448.46000000000004,20,S,,,
SPY.P.ARCA,ARCA,2025-09-16 13:47:25.800,T00001053,1053,449.46,13,B,,,
SPY.P.ARCA,ARCA,2025-09-16 13:47:27.500,T00001054,1054,449.22,49,S,,,
SPY.P.ARCA,ARCA,2025-09-16 13:47:28.200,T00001055,1055,446.21000000000004,10,B,,,
SPY.P.ARCA,ARCA,2025-09-16 13:47:28.400,T00001056,1056,447.18,11,B,,,
SPY.P.ARCA,ARCA,2025-09-16 13:47:29.000,T00001057,1057,446.09000000000003,18,S,,,
SPY.P.ARCA,ARCA,2025-09-16 13:47:29.800,T00001058,1058,444.29,17,B,,,
SPY.P.ARCA,ARCA,2025-09-16 13:47:30.500,T00001059,1059,447.61,43,B,,,
SPY.P.ARCA,ARCA,2025-09-16 13:47:31.200,T00001060,1060,454.73,38,S,,,
SPY.P.ARCA,ARCA,2025-09-16 13:47:31.400,T00001061,1061,454.21000000000004,12,B,,,
SPY.P.ARCA,ARCA,2025-09-16 13:47:32.500,T00001062,1062,452.76,13,S,,,
SPY.P.ARCA,ARCA,2025-09-16 13:47:33.000,T00001063,1063,449.76,15,B,,,
SPY.P.ARCA,ARCA,2025-09-16 13:47:34.200,T00001064,1064,449.56,13,S,,,
SPY.P.ARCA,ARCA,2025-09-16 13:47:34.500,T00001065,1065,450.15000000000003,37,S,,,
SPY.P.ARCA,ARCA,2025-09-16 13:47:34.700,T00001066,1066,452.47,15,B,,,
SPY.P.ARCA,ARCA,2025-09-16 13:47:35.500,T00001067,1067,457.28000000000003,34,S,,,
SPY.P.ARCA,ARCA,2025-09-16 13:47:36.000,T00001068,1068,461.77,14,B,,,
SPY.P.ARCA,ARCA,2025-09-16 13:47:36.700,T00001069,1069,464.06,20,S,,,
SPY.P.ARCA,ARCA,2025-09-16 13:47:37.700,T00001070,1070,459.98,25,B,,,
SPY.P.ARCA,ARCA,2025-09-16 13:47:38.000,T00001071,1071,459.72,72,S,,,
SPY.P.ARCA,ARCA,2025-09-16 13:47:38.300,T00001072,1072,455.95,18,S,,,
SPY.P.ARCA,ARCA,2025-09-16 13:47:38.600,T00001073,1073,453.77,16,S,,,
SPY.P.ARCA,ARCA,2025-09-16 13:47:42.000,T00001074,1074,453.69,17,S,,,
SPY.P.ARCA,ARCA,2025-09-16 13:47:43.000,T00001075,1075,454.43,53,B,,,
SPY.P.ARCA,ARCA,2025-09-16 13:47:43.200,T00001076,1076,453.69,22,S,,,
SPY.P.ARCA,ARCA,2025-09-16 13:47:44.100,T00001077,1077,460.91,34,S,,,
SPY.P.ARCA,ARCA,2025-09-16 13:47:45.000,T00001078,1078,456.8,12,S,,,
SPY.P.ARCA,ARCA,2025-09-16 13:47:45.800,T00001079,1079,451.39,20,S,,,
SPY.P.ARCA,ARCA,2025-09-16 13:47:45.900,T00001080,1080,451.71000000000004,96,S,,,
SPY.P.ARCA,ARCA,2025-09-16 13:47:47.700,T00001081,1081,448.43,126,S,,,
SPY.P.ARCA,ARCA,2025-09-16 13:47:48.600,T00001082,1082,447.78000000000003,20,S,,,
SPY.P.ARCA,ARCA,2025-09-16 13:47:48.800,T00001083,1083,446.84000000000003,15,S,,,
SPY.P.ARCA,ARCA,2025-09-16 13:47:52.900,T00001084,1084,429.21000000000004,15,S,,,
SPY.P.ARCA,ARCA,2025-09-16 13:47:56.100,T00001085,1085,436.68,46,S,,,
SPY.P.ARCA,ARCA,2025-09-16 13:47:56.400,T00001086,1086,437.72,12,S,,,
SPY.P.ARCA,ARCA,2025-09-16 13:47:57.200,T00001087,1087,434.36,21,S,,,
SPY.P.ARCA,ARCA,2025-09-16 13:47:57.500,T00001088,1088,432.51,23,S,,,
SPY.P.ARCA,ARCA,2025-09-16 13:47:57.900,T00001089,1089,437.48,46,S,,,
SPY.P.ARCA,ARCA,2025-09-16 13:48:01.600,T00001090,1090,431.66,21,B,,,
SPY.P.ARCA,ARCA,2025-09-16 13:48:02.300,T00001091,1091,437.02,30,S,,,
SPY.P.ARCA,ARCA,2025-09-16 13:48:02.400,T00001092,1092,437.02,32,S,,,
SPY.P.ARCA,ARCA,2025-09-16 13:48:03.100,T00001093,1093,439.38,24,B,,,
SPY.P.ARCA,ARCA,2025-09-16 13:48:03.400,T00001094,1094,437.39,20,S,,,
SPY.P.ARCA,ARCA,2025-09-16 13:48:06.200,T00001095,1095,440.72,40,S,,,
SPY.P.ARCA,ARCA,2025-09-16 13:48:09.200,T00001096,1096,447.38,41,B,,,
SPY.P.ARCA,ARCA,2025-09-16 13:48:10.900,T00001097,1097,449.15000000000003,31,S,,,
SPY.P.ARCA,ARCA,2025-09-16 13:48:11.200,T00001098,1098,450.25,9,B,,,
SPY.P.ARCA,ARCA,2025-09-16 13:48:11.400,T00001099,1099,449.02,56,S,,,
SPY.P.ARCA,ARCA,2025-09-16 13:48:14.000,T00001100,1100,449.35,60,B,,,
SPY.P.ARCA,ARCA,2025-09-16 13:48:14.200,T00001101,1101,451.1,22,B,,,
SPY.P.ARCA,ARCA,2025-09-16 13:48:14.400,T00001102,1102,450.18,30,B,,,
SPY.P.ARCA,ARCA,2025-09-16 13:48:14.500,T00001103,1103,450.95,25,B,,,
SPY.P.ARCA,ARCA,2025-09-16 13:48:14.700,T00001104,1104,451.06,119,B,,,
SPY.P.ARCA,ARCA,2025-09-16 13:48:15.100,T00001105,1105,449.34000000000003,24,S,,,
SPY.P.ARCA,ARCA,2025-09-16 13:48:16.000,T00001106,1106,452.02,14,S,,,
SPY.P.ARCA,ARCA,2025-09-16 13:48:17.200,T00001107,1107,446.79,20,S,,,
SPY.P.ARCA,ARCA,2025-09-16 13:48:18.700,T00001108,1108,449.24,45,B,,,
SPY.P.ARCA,ARCA,2025-09-16 13:48:18.900,T00001109,1109,449.01,23,B,,,
SPY.P.ARCA,ARCA,2025-09-16 13:48:19.400,T00001110,1110,448.12,41,S,,,
SPY.P.ARCA,ARCA,2025-09-16 13:48:19.900,T00001111,1111,448.42,42,B,,,
SPY.P.ARCA,ARCA,2025-09-16 13:48:20.400,T00001112,1112,445.94,31,S,,,
SPY.P.ARCA,ARCA,2025-09-16 13:48:21.400,T00001113,1113,450.51,6,B,,,
SPY.P.ARCA,ARCA,2025-09-16 13:48:26.300,T00001114,1114,444.43,22,B,,,
SPY.P.ARCA,ARCA,2025-09-16 13:48:26.400,T00001115,1115,444.38,41,S,,,
SPY.P.ARCA,ARCA,2025-09-16 13:48:33.200,T00001116,1116,444.81,59,B,,,
SPY.P.ARCA,ARCA,2025-09-16 13:48:34.300,T00001117,1117,448.96000000000004,11,B,,,
SPY.P.ARCA,ARCA,2025-09-16 13:48:34.900,T00001118,1118,447.35,17,S,,,
SPY.P.ARCA,ARCA,2025-09-16 13:48:35.900,T00001119,1119,453.53000000000003,31,B,,,
SPY.P.ARCA,ARCA,2025-09-16 13:48:36.100,T00001120,1120,453.79,17,B,,,
SPY.P.ARCA,ARCA,2025-09-16 13:48:36.200,T00001121,1121,453.5,52,S,,,
SPY.P.ARCA,ARCA,2025-09-16 13:48:36.400,T00001122,1122,452.24,16,B,,,
SPY.P.ARCA,ARCA,2025-09-16 13:48:38.200,T00001123,1123,453.46000000000004,14,S,,,
SPY.P.ARCA,ARCA,2025-09-16 13:48:38.700,T00001124,1124,452.29,37,B,,,
SPY.P.ARCA,ARCA,2025-09-16 13:48:38.800,T00001125,1125,451.2,19,S,,,
SPY.P.ARCA,ARCA,2025-09-16 13:48:40.300,T00001126,1126,452.67,38,B,,,
SPY.P.ARCA,ARCA,2025-09-16 13:48:42.300,T00001127,1127,453.5,58,B,,,
SPY.P.ARCA,ARCA,2025-09-16 13:48:42.800,T00001128,1128,451.47,29,S,,,
SPY.P.ARCA,ARCA,2025-09-16 13:48:43.800,T00001129,1129,454.01,42,S,,,
SPY.P.ARCA,ARCA,2025-09-16 13:48:44.400,T00001130,1130,455.25,15,B,,,
SPY.P.ARCA,ARCA,2025-09-16 13:48:46.100,T00001131,1131,449.91,26,S,,,
SPY.P.ARCA,ARCA,2025-09-16 13:48:47.100,T00001132,1132,447.63,25,S,,,
SPY.P.ARCA,ARCA,2025-09-16 13:48:48.600,T00001133,1133,447.03000000000003,35,S,,,
SPY.P.ARCA,ARCA,2025-09-16 13:48:48.700,T00001134,1134,446.76,11,S,,,
SPY.P.ARCA,ARCA,2025-09-16 13:48:49.400,T00001135,1135,449.42,41,B,,,
SPY.P.ARCA,ARCA,2025-09-16 13:48:51.100,T00001136,1136,447.92,72,S,,,
SPY.P.ARCA,ARCA,2025-09-16 13:48:51.500,T00001137,1137,447.36,18,B,,,
SPY.P.ARCA,ARCA,2025-09-16 13:48:53.600,T00001138,1138,447.24,22,B,,,
SPY.P.ARCA,ARCA,2025-09-16 13:48:59.400,T00001139,1139,448.07,60,S,,,
SPY.P.ARCA,ARCA,2025-09-16 13:49:01.300,T00001140,1140,449.07,16,S,,,
SPY.P.ARCA,ARCA,2025-09-16 13:49:02.100,T00001141,1141,452.61,15,B,,,
SPY.P.ARCA,ARCA,2025-09-16 13:49:02.400,T00001142,1142,452.74,13,B,,,
SPY.P.ARCA,ARCA,2025-09-16 13:49:04.100,T00001143,1143,455.8,22,B,,,
SPY.P.ARCA,ARCA,2025-09-16 13:49:04.800,T00001144,1144,457.35,46,B,,,
SPY.P.ARCA,ARCA,2025-09-16 13:49:06.200,T00001145,1145,451.11,42,S,,,
SPY.P.ARCA,ARCA,2025-09-16 13:49:07.000,T00001146,1146,452.42,69,B,,,
SPY.P.ARCA,ARCA,2025-09-16 13:49:07.100,T00001147,1147,453.98,20,B,,,
SPY.P.ARCA,ARCA,2025-09-16 13:49:08.300,T00001148,1148,454.41,43,B,,,
SPY.P.ARCA,ARCA,2025-09-16 13:49:11.400,T00001149,1149,449.91,45,B,,,
SPY.P.ARCA,ARCA,2025-09-16 13:49:11.500,T00001150,1150,449.19,16,B,,,
SPY.P.ARCA,ARCA,2025-09-16 13:49:11.700,T00001151,1151,448.52,22,B,,,
SPY.P.ARCA,ARCA,2025-09-16 13:49:12.700,T00001152,1152,445.62,10,S,,,
SPY.P.ARCA,ARCA,2025-09-16 13:49:13.000,T00001153,1153,449.02,89,B,,,
SPY.P.ARCA,ARCA,2025-09-16 13:49:13.600,T00001154,1154,451.26,12,B,,,
SPY.P.ARCA,ARCA,2025-09-16 13:49:14.200,T00001155,1155,447.76,64,B,,,
SPY.P.ARCA,ARCA,2025-09-16 13:49:14.300,T00001156,1156,448.05,13,B,,,
SPY.P.ARCA,ARCA,2025-09-16 13:49:14.500,T00001157,1157,447.59000000000003,11,S,,,
SPY.P.ARCA,ARCA,2025-09-16 13:49:14.900,T00001158,1158,450.54,19,B,,,
SPY.P.ARCA,ARCA,2025-09-16 13:49:15.200,T00001159,1159,449.41,14,S,,,
SPY.P.ARCA,ARCA,2025-09-16 13:49:15.700,T00001160,1160,446.83,14,S,,,
SPY.P.ARCA,ARCA,2025-09-16 13:49:16.100,T00001161,1161,446.35,11,S,,,
SPY.P.ARCA,ARCA,2025-09-16 13:49:16.200,T00001162,1162,446.74,20,B,,,
SPY.P.ARCA,ARCA,2025-09-16 13:49:16.700,T00001163,1163,450.44,43,B,,,
SPY.P.ARCA,ARCA,2025-09-16 13:49:17.500,T00001164,1164,454.37,25,S,,,
SPY.P.ARCA,ARCA,2025-09-16 13:49:19.500,T00001165,1165,443.68,28,B,,,
SPY.P.ARCA,ARCA,2025-09-16 13:49:20.000,T00001166,1166,442.78000000000003,11,B,,,
SPY.P.ARCA,ARCA,2025-09-16 13:49:21.300,T00001167,1167,442.35,13,S,,,
SPY.P.ARCA,ARCA,2025-09-16 13:49:21.900,T00001168,1168,438.83,12,S,,,
SPY.P.ARCA,ARCA,2025-09-16 13:49:22.300,T00001169,1169,442.59000000000003,36,B,,,
SPY.P.ARCA,ARCA,2025-09-16 13:49:22.400,T00001170,1170,442.82,10,B,,,
SPY.P.ARCA,ARCA,2025-09-16 13:49:22.800,T00001171,1171,445.82,14,B,,,
SPY.P.ARCA,ARCA,2025-09-16 13:49:24.000,T00001172,1172,440.82,20,S,,,
SPY.P.ARCA,ARCA,2025-09-16 13:49:24.800,T00001173,1173,443.63,15,B,,,
SPY.P.ARCA,ARCA,2025-09-16 13:49:25.700,T00001174,1174,444.74,23,B,,,
SPY.P.ARCA,ARCA,2025-09-16 13:49:25.900,T00001175,1175,447.47,23,B,,,
SPY.P.ARCA,ARCA,2025-09-16 13:49:26.200,T00001176,1176,449.62,16,S,,,
SPY.P.ARCA,ARCA,2025-09-16 13:49:26.700,T00001177,1177,449.71000000000004,18,B,,,
SPY.P.ARCA,ARCA,2025-09-16 13:49:27.400,T00001178,1178,448.58,11,S,,,
SPY.P.ARCA,ARCA,2025-09-16 13:49:27.600,T00001179,1179,449.85,11,B,,,
SPY.P.ARCA,ARCA,2025-09-16 13:49:28.800,T00001180,1180,449.96000000000004,19,S,,,
SPY.P.ARCA,ARCA,2025-09-16 13:49:29.300,T00001181,1181,452.6,63,S,,,
SPY.P.ARCA,ARCA,2025-09-16 13:49:30.600,T00001182,1182,453.14,31,S,,,
SPY.P.ARCA,ARCA,2025-09-16 13:49:34.300,T00001183,1183,456.16,98,S,,,
SPY.P.ARCA,ARCA,2025-09-16 13:49:34.900,T00001184,1184,454.83,37,S,,,
SPY.P.ARCA,ARCA,2025-09-16 13:49:36.900,T00001185,1185,453.58,39,S,,,
SPY.P.ARCA,ARCA,2025-09-16 13:49:39.800,T00001186,1186,458.39,24,B,,,
SPY.P.ARCA,ARCA,2025-09-16 13:49:39.900,T00001187,1187,459.05,33,B,,,
SPY.P.ARCA,ARCA,2025-09-16 13:49:40.400,T00001188,1188,457.26,17,B,,,
SPY.P.ARCA,ARCA,2025-09-16 13:49:42.200,T00001189,1189,457.35,15,S,,,
SPY.P.ARCA,ARCA,2025-09-16 13:49:43.400,T00001190,1190,458.61,20,B,,,
SPY.P.ARCA,ARCA,2025-09-16 13:49:43.900,T00001191,1191,458.52,41,S,,,
SPY.P.ARCA,ARCA,2025-09-16 13:49:44.000,T00001192,1192,457.88,63,S,,,
SPY.P.ARCA,ARCA,2025-09-16 13:49:45.300,T00001193,1193,449.95,19,S,,,
SPY.P.ARCA,ARCA,2025-09-16 13:49:46.500,T00001194,1194,455.25,15,S,,,
SPY.P.ARCA,ARCA,2025-09-16 13:49:46.900,T00001195,1195,459.23,69,B,,,
SPY.P.ARCA,ARCA,2025-09-16 13:49:47.500,T00001196,1196,459.86,33,S,,,
SPY.P.ARCA,ARCA,2025-09-16 13:49:47.600,T00001197,1197,458.77,48,S,,,
SPY.P.ARCA,ARCA,2025-09-16 13:49:49.300,T00001198,1198,454.87,12,S,,,
SPY.P.ARCA,ARCA,2025-09-16 13:49:50.500,T00001199,1199,450.91,12,B,,,
SPY.P.ARCA,ARCA,2025-09-16 13:49:51.800,T00001200,1200,460.75,13,B,,,
SPY.P.ARCA,ARCA,2025-09-16 13:49:53.400,T00001201,1201,451.76,25,B,,,
SPY.P.ARCA,ARCA,2025-09-16 13:49:54.600,T00001202,1202,450.38,25,S,,,
SPY.P.ARCA,ARCA,2025-09-16 13:49:55.200,T00001203,1203,444.54,15,B,,,
SPY.P.ARCA,ARCA,2025-09-16 13:49:55.500,T00001204,1204,445.04,26,S,,,
SPY.P.ARCA,ARCA,2025-09-16 13:49:56.600,T00001205,1205,449.52,12,S,,,
SPY.P.ARCA,ARCA,2025-09-16 13:49:57.700,T00001206,1206,447.62,22,S,,,
SPY.P.ARCA,ARCA,2025-09-16 13:49:58.100,T00001207,1207,447.75,15,S,,,
SPY.P.ARCA,ARCA,2025-09-16 13:49:58.300,T00001208,1208,449.2,56,S,,,
SPY.P.ARCA,ARCA,2025-09-16 13:49:58.400,T00001209,1209,448.89,19,B,,,
SPY.P.ARCA,ARCA,2025-09-16 13:49:58.700,T00001210,1210,447.84000000000003,28,S,,,
SPY.P.ARCA,ARCA,2025-09-16 13:50:00.100,T00001211,1211,443.47,56,B,,,
SPY.P.ARCA,ARCA,2025-09-16 13:50:01.800,T00001212,1212,437.65000000000003,81,S,,,
SPY.P.ARCA,ARCA,2025-09-16 13:50:01.900,T00001213,1213,436.04,12,S,,,
SPY.P.ARCA,ARCA,2025-09-16 13:50:02.200,T00001214,1214,433.36,12,B,,,
SPY.P.ARCA,ARCA,2025-09-16 13:50:03.000,T00001215,1215,435.45,46,B,,,
SPY.P.ARCA,ARCA,2025-09-16 13:50:03.300,T00001216,1216,436.51,13,B,,,
SPY.P.ARCA,ARCA,2025-09-16 13:50:05.300,T00001217,1217,440.58,32,S,,,
SPY.P.ARCA,ARCA,2025-09-16 13:50:06.900,T00001218,1218,440.69,12,B,,,
SPY.P.ARCA,ARCA,2025-09-16 13:50:07.500,T00001219,1219,445.35,15,B,,,
SPY.P.ARCA,ARCA,2025-09-16 13:50:07.700,T00001220,1220,446.56,12,S,,,
SPY.P.ARCA,ARCA,2025-09-16 13:50:08.400,T00001221,1221,448.0,43,B,,,
SPY.P.ARCA,ARCA,2025-09-16 13:50:08.500,T00001222,1222,448.37,22,B,,,
SPY.P.ARCA,ARCA,2025-09-16 13:50:09.100,T00001223,1223,449.59000000000003,15,S,,,
SPY.P.ARCA,ARCA,2025-09-16 13:50:13.700,T00001224,1224,455.81,20,B,,,
SPY.P.ARCA,ARCA,2025-09-16 13:50:13.900,T00001225,1225,455.07,11,S,,,
SPY.P.ARCA,ARCA,2025-09-16 13:50:15.500,T00001226,1226,455.99,13,S,,,
SPY.P.ARCA,ARCA,2025-09-16 13:50:17.100,T00001227,1227,444.95,28,S,,,
SPY.P.ARCA,ARCA,2025-09-16 13:50:18.200,T00001228,1228,444.83,16,S,,,
SPY.P.ARCA,ARCA,2025-09-16 13:50:18.500,T00001229,1229,447.1,19,S,,,
SPY.P.ARCA,ARCA,2025-09-16 13:50:20.100,T00001230,1230,443.66,46,S,,,
SPY.P.ARCA,ARCA,2025-09-16 13:50:21.600,T00001231,1231,449.5,11,S,,,
SPY.P.ARCA,ARCA,2025-09-16 13:50:21.700,T00001232,1232,449.05,10,B,,,
SPY.P.ARCA,ARCA,2025-09-16 13:50:22.200,T00001233,1233,449.32,25,S,,,
SPY.P.ARCA,ARCA,2025-09-16 13:50:24.400,T00001234,1234,448.75,13,S,,,
SPY.P.ARCA,ARCA,2025-09-16 13:50:24.800,T00001235,1235,453.90000000000003,13,B,,,
SPY.P.ARCA,ARCA,2025-09-16 13:50:25.000,T00001236,1236,451.97,18,S,,,
SPY.P.ARCA,ARCA,2025-09-16 13:50:25.500,T00001237,1237,449.99,10,S,,,
SPY.P.ARCA,ARCA,2025-09-16 13:50:25.700,T00001238,1238,447.85,12,B,,,
SPY.P.ARCA,ARCA,2025-09-16 13:50:26.500,T00001239,1239,453.55,57,B,,,
SPY.P.ARCA,ARCA,2025-09-16 13:50:26.700,T00001240,1240,451.87,14,S,,,
SPY.P.ARCA,ARCA,2025-09-16 13:50:27.800,T00001241,1241,446.7,15,S,,,
SPY.P.ARCA,ARCA,2025-09-16 13:50:34.600,T00001242,1242,450.83,149,S,,,
SPY.P.ARCA,ARCA,2025-09-16 13:50:34.900,T00001243,1243,447.19,16,S,,,
SPY.P.ARCA,ARCA,2025-09-16 13:50:37.200,T00001244,1244,442.35,35,B,,,
SPY.P.ARCA,ARCA,2025-09-16 13:50:37.500,T00001245,1245,443.69,13,S,,,
SPY.P.ARCA,ARCA,2025-09-16 13:50:38.100,T00001246,1246,443.2,10,B,,,
SPY.P.ARCA,ARCA,2025-09-16 13:50:38.200,T00001247,1247,444.91,14,B,,,
SPY.P.ARCA,ARCA,2025-09-16 13:50:38.700,T00001248,1248,448.81,133,S,,,
SPY.P.ARCA,ARCA,2025-09-16 13:50:40.800,T00001249,1249,454.87,33,B,,,
SPY.P.ARCA,ARCA,2025-09-16 13:50:41.600,T00001250,1250,448.97,67,B,,,
SPY.P.ARCA,ARCA,2025-09-16 13:50:42.300,T00001251,1251,445.51,31,S,,,
SPY.P.ARCA,ARCA,2025-09-16 13:50:43.200,T00001252,1252,446.95,175,B,,,
SPY.P.ARCA,ARCA,2025-09-16 13:50:43.300,T00001253,1253,448.33,15,S,,,
SPY.P.ARCA,ARCA,2025-09-16 13:50:43.400,T00001254,1254,449.13,15,B,,,
SPY.P.ARCA,ARCA,2025-09-16 13:50:44.300,T00001255,1255,450.68,39,S,,,
SPY.P.ARCA,ARCA,2025-09-16 13:50:44.600,T00001256,1256,448.97,11,B,,,
SPY.P.ARCA,ARCA,2025-09-16 13:50:48.400,T00001257,1257,447.68,15,B,,,
SPY.P.ARCA,ARCA,2025-09-16 13:50:48.900,T00001258,1258,452.21000000000004,11,S,,,
SPY.P.ARCA,ARCA,2025-09-16 13:50:50.400,T00001259,1259,451.22,30,B,,,
SPY.P.ARCA,ARCA,2025-09-16 13:50:51.100,T00001260,1260,450.86,40,B,,,
SPY.P.ARCA,ARCA,2025-09-16 13:50:51.700,T00001261,1261,449.81,28,B,,,
SPY.P.ARCA,ARCA,2025-09-16 13:50:51.800,T00001262,1262,449.75,17,B,,,
SPY.P.ARCA,ARCA,2025-09-16 13:50:52.400,T00001263,1263,447.24,22,S,,,
SPY.P.ARCA,ARCA,2025-09-16 13:50:52.800,T00001264,1264,449.87,41,B,,,
SPY.P.ARCA,ARCA,2025-09-16 13:50:54.700,T00001265,1265,451.44,13,B,,,
SPY.P.ARCA,ARCA,2025-09-16 13:50:57.100,T00001266,1266,448.48,25,B,,,
SPY.P.ARCA,ARCA,2025-09-16 13:50:58.100,T00001267,1267,451.27000000000004,55,S,,,
SPY.P.ARCA,ARCA,2025-09-16 13:51:00.800,T00001268,1268,450.73,48,B,,,
SPY.P.ARCA,ARCA,2025-09-16 13:51:01.700,T00001269,1269,449.91,66,B,,,
SPY.P.ARCA,ARCA,2025-09-16 13:51:02.000,T00001270,1270,448.29,70,S,,,
SPY.P.ARCA,ARCA,2025-09-16 13:51:02.700,T00001271,1271,446.66,17,B,,,
SPY.P.ARCA,ARCA,2025-09-16 13:51:04.500,T00001272,1272,445.16,28,B,,,
SPY.P.ARCA,ARCA,2025-09-16 13:51:04.900,T00001273,1273,444.72,10,S,,,
SPY.P.ARCA,ARCA,2025-09-16 13:51:05.100,T00001274,1274,443.84000000000003,25,S,,,
SPY.P.ARCA,ARCA,2025-09-16 13:51:06.400,T00001275,1275,440.23,19,B,,,
SPY.P.ARCA,ARCA,2025-09-16 13:51:06.800,T00001276,1276,444.31,20,S,,,
SPY.P.ARCA,ARCA,2025-09-16 13:51:08.400,T00001277,1277,441.16,13,B,,,
SPY.P.ARCA,ARCA,2025-09-16 13:51:09.200,T00001278,1278,445.06,38,B,,,
SPY.P.ARCA,ARCA,2025-09-16 13:51:09.800,T00001279,1279,446.08,13,S,,,
SPY.P.ARCA,ARCA,2025-09-16 13:51:10.300,T00001280,1280,448.71000000000004,10,B,,,
SPY.P.ARCA,ARCA,2025-09-16 13:51:11.800,T00001281,1281,452.95,15,B,,,
SPY.P.ARCA,ARCA,2025-09-16 13:51:12.800,T00001282,1282,452.94,38,S,,,
SPY.P.ARCA,ARCA,2025-09-16 13:51:14.700,T00001283,1283,448.79,15,S,,,
SPY.P.ARCA,ARCA,2025-09-16 13:51:16.100,T00001284,1284,444.28000000000003,15,S,,,
SPY.P.ARCA,ARCA,2025-09-16 13:51:16.500,T00001285,1285,444.76,34,B,,,
SPY.P.ARCA,ARCA,2025-09-16 13:51:16.900,T00001286,1286,445.53000000000003,13,B,,,
SPY.P.ARCA,ARCA,2025-09-16 13:51:18.800,T00001287,1287,447.05,34,S,,,
SPY.P.ARCA,ARCA,2025-09-16 13:51:20.200,T00001288,1288,451.3,26,B,,,
SPY.P.ARCA,ARCA,2025-09-16 13:51:20.600,T00001289,1289,449.03000000000003,45,S,,,
SPY.P.ARCA,ARCA,2025-09-16 13:51:22.000,T00001290,1290,445.87,77,S,,,
SPY.P.ARCA,ARCA,2025-09-16 13:51:22.800,T00001291,1291,446.98,10,S,,,
SPY.P.ARCA,ARCA,2025-09-16 13:51:23.700,T00001292,1292,443.44,14,S,,,
SPY.P.ARCA,ARCA,2025-09-16 13:51:24.400,T00001293,1293,444.92,11,B,,,
SPY.P.ARCA,ARCA,2025-09-16 13:51:24.600,T00001294,1294,446.37,20,S,,,
SPY.P.ARCA,ARCA,2025-09-16 13:51:25.500,T00001295,1295,450.16,28,S,,,
SPY.P.ARCA,ARCA,2025-09-16 13:51:26.000,T00001296,1296,452.64,11,S,,,
SPY.P.ARCA,ARCA,2025-09-16 13:51:27.300,T00001297,1297,454.89,16,B,,,
SPY.P.ARCA,ARCA,2025-09-16 13:51:28.400,T00001298,1298,450.29,36,B,,,
SPY.P.ARCA,ARCA,2025-09-16 13:51:29.900,T00001299,1299,454.82,19,S,,,
SPY.P.ARCA,ARCA,2025-09-16 13:51:30.800,T00001300,1300,457.08,20,B,,,
SPY.P.ARCA,ARCA,2025-09-16 13:51:31.000,T00001301,1301,456.61,18,S,,,
SPY.P.ARCA,ARCA,2025-09-16 13:51:33.100,T00001302,1302,458.68,18,B,,,
SPY.P.ARCA,ARCA,2025-09-16 13:51:33.900,T00001303,1303,454.61,35,S,,,
SPY.P.ARCA,ARCA,2025-09-16 13:51:34.200,T00001304,1304,452.74,45,S,,,
SPY.P.ARCA,ARCA,2025-09-16 13:51:34.800,T00001305,1305,456.74,14,B,,,
SPY.P.ARCA,ARCA,2025-09-16 13:51:35.400,T00001306,1306,455.18,22,B,,,
SPY.P.ARCA,ARCA,2025-09-16 13:51:37.800,T00001307,1307,455.44,10,B,,,
SPY.P.ARCA,ARCA,2025-09-16 13:51:38.000,T00001308,1308,455.28000000000003,11,B,,,
SPY.P.ARCA,ARCA,2025-09-16 13:51:38.100,T00001309,1309,453.76,22,S,,,
SPY.P.ARCA,ARCA,2025-09-16 13:51:41.100,T00001310,1310,445.2,140,B,,,
SPY.P.ARCA,ARCA,2025-09-16 13:51:44.800,T00001311,1311,454.65000000000003,11,B,,,
SPY.P.ARCA,ARCA,2025-09-16 13:51:45.400,T00001312,1312,453.07,12,B,,,
SPY.P.ARCA,ARCA,2025-09-16 13:51:45.900,T00001313,1313,449.32,14,B,,,
SPY.P.ARCA,ARCA,2025-09-16 13:51:52.500,T00001314,1314,438.56,50,B,,,
SPY.P.ARCA,ARCA,2025-09-16 13:51:53.600,T00001315,1315,436.6,11,B,,,
SPY.P.ARCA,ARCA,2025-09-16 13:51:53.900,T00001316,1316,434.1,14,B,,,
SPY.P.ARCA,ARCA,2025-09-16 13:51:55.400,T00001317,1317,436.6,13,S,,,
SPY.P.ARCA,ARCA,2025-09-16 13:51:56.100,T00001318,1318,435.15000000000003,66,S,,,
SPY.P.ARCA,ARCA,2025-09-16 13:51:56.400,T00001319,1319,434.92,63,S,,,
SPY.P.ARCA,ARCA,2025-09-16 13:51:57.200,T00001320,1320,435.66,25,S,,,
SPY.P.ARCA,ARCA,2025-09-16 13:51:58.500,T00001321,1321,438.59000000000003,55,B,,,
SPY.P.ARCA,ARCA,2025-09-16 13:51:58.800,T00001322,1322,438.36,35,S,,,
SPY.P.ARCA,ARCA,2025-09-16 13:52:00.900,T00001323,1323,440.13,18,S,,,
SPY.P.ARCA,ARCA,2025-09-16 13:52:03.000,T00001324,1324,444.26,18,S,,,
SPY.P.ARCA,ARCA,2025-09-16 13:52:03.100,T00001325,1325,445.22,15,B,,,
SPY.P.ARCA,ARCA,2025-09-16 13:52:03.300,T00001326,1326,443.99,13,B,,,
SPY.P.ARCA,ARCA,2025-09-16 13:52:05.300,T00001327,1327,444.09000000000003,13,B,,,
SPY.P.ARCA,ARCA,2025-09-16 13:52:05.400,T00001328,1328,445.55,40,S,,,
SPY.P.ARCA,ARCA,2025-09-16 13:52:08.200,T00001329,1329,447.77,12,B,,,
SPY.P.ARCA,ARCA,2025-09-16 13:52:09.900,T00001330,1330,445.3,11,S,,,
SPY.P.ARCA,ARCA,2025-09-16 13:52:10.000,T00001331,1331,445.38,35,B,,,
SPY.P.ARCA,ARCA,2025-09-16 13:52:11.500,T00001332,1332,450.03000000000003,42,B,,,
SPY.P.ARCA,ARCA,2025-09-16 13:52:12.100,T00001333,1333,444.76,19,S,,,
SPY.P.ARCA,ARCA,2025-09-16 13:52:13.600,T00001334,1334,449.87,59,B,,,
SPY.P.ARCA,ARCA,2025-09-16 13:52:14.200,T00001335,1335,452.92,31,S,,,
SPY.P.ARCA,ARCA,2025-09-16 13:52:14.400,T00001336,1336,450.58,121,S,,,
SPY.P.ARCA,ARCA,2025-09-16 13:52:15.600,T00001337,1337,455.3,119,S,,,
SPY.P.ARCA,ARCA,2025-09-16 13:52:18.700,T00001338,1338,437.8,2,B,,,
SPY.P.ARCA,ARCA,2025-09-16 13:52:19.800,T00001339,1339,436.44,20,S,,,
SPY.P.ARCA,ARCA,2025-09-16 13:52:20.500,T00001340,1340,440.84000000000003,23,B,,,
SPY.P.ARCA,ARCA,2025-09-16 13:52:20.700,T00001341,1341,442.17,47,B,,,
SPY.P.ARCA,ARCA,2025-09-16 13:52:21.100,T00001342,1342,443.93,13,B,,,
SPY.P.ARCA,ARCA,2025-09-16 13:52:24.800,T00001343,1343,446.21000000000004,30,S,,,
SPY.P.ARCA,ARCA,2025-09-16 13:52:24.900,T00001344,1344,443.41,41,S,,,
SPY.P.ARCA,ARCA,2025-09-16 13:52:25.000,T00001345,1345,444.43,15,B,,,
SPY.P.ARCA,ARCA,2025-09-16 13:52:27.000,T00001346,1346,441.3,17,S,,,
SPY.P.ARCA,ARCA,2025-09-16 13:52:29.100,T00001347,1347,442.71000000000004,11,B,,,
SPY.P.ARCA,ARCA,2025-09-16 13:52:31.200,T00001348,1348,445.06,37,S,,,
SPY.P.ARCA,ARCA,2025-09-16 13:52:31.800,T00001349,1349,444.75,21,S,,,
SPY.P.ARCA,ARCA,2025-09-16 13:52:32.500,T00001350,1350,445.14000000000004,28,S,,,
SPY.P.ARCA,ARCA,2025-09-16 13:52:33.200,T00001351,1351,444.78000000000003,21,S,,,
SPY.P.ARCA,ARCA,2025-09-16 13:52:33.600,T00001352,1352,448.94,6,B,,,
SPY.P.ARCA,ARCA,2025-09-16 13:52:34.300,T00001353,1353,447.38,25,S,,,
SPY.P.ARCA,ARCA,2025-09-16 13:52:36.300,T00001354,1354,446.09000000000003,53,B,,,
SPY.P.ARCA,ARCA,2025-09-16 13:52:36.500,T00001355,1355,445.21000000000004,20,B,,,
SPY.P.ARCA,ARCA,2025-09-16 13:52:37.000,T00001356,1356,445.08,20,B,,,
SPY.P.ARCA,ARCA,2025-09-16 13:52:37.700,T00001357,1357,441.73,12,S,,,
SPY.P.ARCA,ARCA,2025-09-16 13:52:38.800,T00001358,1358,440.11,16,S,,,
SPY.P.ARCA,ARCA,2025-09-16 13:52:40.000,T00001359,1359,442.32,66,B,,,
SPY.P.ARCA,ARCA,2025-09-16 13:52:40.900,T00001360,1360,444.49,52,B,,,
SPY.P.ARCA,ARCA,2025-09-16 13:52:41.000,T00001361,1361,444.21000000000004,26,B,,,
SPY.P.ARCA,ARCA,2025-09-16 13:52:44.500,T00001362,1362,447.46000000000004,11,S,,,
SPY.P.ARCA,ARCA,2025-09-16 13:52:45.800,T00001363,1363,444.22,13,B,,,
SPY.P.ARCA,ARCA,2025-09-16 13:52:46.100,T00001364,1364,446.16,36,B,,,
SPY.P.ARCA,ARCA,2025-09-16 13:52:46.200,T00001365,1365,448.40000000000003,12,B,,,
SPY.P.ARCA,ARCA,2025-09-16 13:52:46.600,T00001366,1366,443.52,22,S,,,
SPY.P.ARCA,ARCA,2025-09-16 13:52:47.000,T00001367,1367,444.77,23,B,,,
SPY.P.ARCA,ARCA,2025-09-16 13:52:47.500,T00001368,1368,440.04,22,S,,,
SPY.P.ARCA,ARCA,2025-09-16 13:52:47.900,T00001369,1369,438.38,19,B,,,
SPY.P.ARCA,ARCA,2025-09-16 13:52:48.400,T00001370,1370,439.03000000000003,91,S,,,
SPY.P.ARCA,ARCA,2025-09-16 13:52:48.700,T00001371,1371,439.99,26,S,,,
SPY.P.ARCA,ARCA,2025-09-16 13:52:52.000,T00001372,1372,442.35,22,B,,,
SPY.P.ARCA,ARCA,2025-09-16 13:52:52.200,T00001373,1373,442.44,25,S,,,
SPY.P.ARCA,ARCA,2025-09-16 13:52:52.800,T00001374,1374,444.89,20,B,,,
SPY.P.ARCA,ARCA,2025-09-16 13:52:52.900,T00001375,1375,444.58,25,B,,,
SPY.P.ARCA,ARCA,2025-09-16 13:52:54.200,T00001376,1376,449.63,34,B,,,
SPY.P.ARCA,ARCA,2025-09-16 13:52:55.200,T00001377,1377,448.44,59,B,,,
SPY.P.ARCA,ARCA,2025-09-16 13:52:56.400,T00001378,1378,453.28,59,B,,,
SPY.P.ARCA,ARCA,2025-09-16 13:52:56.600,T00001379,1379,452.84000000000003,12,B,,,
SPY.P.ARCA,ARCA,2025-09-16 13:52:57.000,T00001380,1380,451.58,16,B,,,
SPY.P.ARCA,ARCA,2025-09-16 13:52:58.400,T00001381,1381,451.35,49,S,,,
SPY.P.ARCA,ARCA,2025-09-16 13:52:59.300,T00001382,1382,448.71000000000004,40,S,,,
SPY.P.ARCA,ARCA,2025-09-16 13:52:59.700,T00001383,1383,448.2,57,B,,,
SPY.P.ARCA,ARCA,2025-09-16 13:53:00.200,T00001384,1384,447.68,48,B,,,
SPY.P.ARCA,ARCA,2025-09-16 13:53:00.400,T00001385,1385,449.03000000000003,11,B,,,
SPY.P.ARCA,ARCA,2025-09-16 13:53:03.700,T00001386,1386,451.23,22,S,,,
SPY.P.ARCA,ARCA,2025-09-16 13:53:04.200,T00001387,1387,453.75,15,B,,,
SPY.P.ARCA,ARCA,2025-09-16 13:53:06.700,T00001388,1388,453.25,6,B,,,
SPY.P.ARCA,ARCA,2025-09-16 13:53:06.800,T00001389,1389,452.89,8,B,,,
SPY.P.ARCA,ARCA,2025-09-16 13:53:07.300,T00001390,1390,451.1,13,S,,,
SPY.P.ARCA,ARCA,2025-09-16 13:53:07.700,T00001391,1391,448.76,13,B,,,
SPY.P.ARCA,ARCA,2025-09-16 13:53:08.600,T00001392,1392,449.8,17,S,,,
SPY.P.ARCA,ARCA,2025-09-16 13:53:12.300,T00001393,1393,456.46000000000004,22,B,,,
SPY.P.ARCA,ARCA,2025-09-16 13:53:14.300,T00001394,1394,450.36,17,B,,,
SPY.P.ARCA,ARCA,2025-09-16 13:53:14.400,T00001395,1395,451.44,41,S,,,
SPY.P.ARCA,ARCA,2025-09-16 13:53:15.900,T00001396,1396,452.59000000000003,25,B,,,
SPY.P.ARCA,ARCA,2025-09-16 13:53:16.300,T00001397,1397,454.68,62,B,,,
SPY.P.ARCA,ARCA,2025-09-16 13:53:17.900,T00001398,1398,452.47,54,S,,,
SPY.P.ARCA,ARCA,2025-09-16 13:53:20.300,T00001399,1399,452.29,31,S,,,
SPY.P.ARCA,ARCA,2025-09-16 13:53:20.400,T00001400,1400,452.69,98,S,,,
SPY.P.ARCA,ARCA,2025-09-16 13:53:21.800,T00001401,1401,449.84000000000003,13,B,,,
SPY.P.ARCA,ARCA,2025-09-16 13:53:21.900,T00001402,1402,451.73,34,B,,,
SPY.P.ARCA,ARCA,2025-09-16 13:53:22.500,T00001403,1403,449.49,12,S,,,
SPY.P.ARCA,ARCA,2025-09-16 13:53:22.800,T00001404,1404,446.62,35,S,,,
SPY.P.ARCA,ARCA,2025-09-16 13:53:26.400,T00001405,1405,447.74,31,B,,,
