instrument_id,venue,ts_event,trade_id,event_seq,price,quantity,aggressor_side,trade_condition,buyer_id,seller_id
AAPL.P.XNAS,XNAS,2025-09-16 13:30:00.000,T00000000,0,180.46,14,S,,,
AAPL.P.XNAS,XNAS,2025-09-16 13:30:00.900,T00000001,1,178.42000000000002,27,B,,,
AAPL.P.XNAS,XNAS,2025-09-16 13:30:01.400,T00000002,2,178.98,26,B,,,
AAPL.P.XNAS,XNAS,2025-09-16 13:30:01.500,T00000003,3,178.53,16,S,,,
AAPL.P.XNAS,XNAS,2025-09-16 13:30:01.600,T00000004,4,178.81,18,S,,,
AAPL.P.XNAS,XNAS,2025-09-16 13:30:02.200,T00000005,5,180.23,32,B,,,
AAPL.P.XNAS,XNAS,2025-09-16 13:30:04.400,T00000006,6,178.99,13,S,,,
AAPL.P.XNAS,XNAS,2025-09-16 13:30:04.800,T00000007,7,177.18,14,B,,,
AAPL.P.XNAS,XNAS,2025-09-16 13:30:05.400,T00000008,8,181.57,28,B,,,
AAPL.P.XNAS,XNAS,2025-09-16 13:30:06.500,T00000009,9,181.20000000000002,20,B,,,
AAPL.P.XNAS,XNAS,2025-09-16 13:30:09.300,T00000010,10,185.78,15,S,,,
AAPL.P.XNAS,XNAS,2025-09-16 13:30:09.400,T00000011,11,186.42000000000002,14,S,,,
AAPL.P.XNAS,XNAS,2025-09-16 13:30:09.700,T00000012,12,184.99,8,B,,,
AAPL.P.XNAS,XNAS,2025-09-16 13:30:11.500,T00000013,13,179.72,31,S,,,
AAPL.P.XNAS,XNAS,2025-09-16 13:30:12.000,T00000014,14,178.59,56,S,,,
AAPL.P.XNAS,XNAS,2025-09-16 13:30:13.500,T00000015,15,183.79,20,S,,,
AAPL.P.XNAS,XNAS,2025-09-16 13:30:14.300,T00000016,16,187.26,18,S,,,
AAPL.P.XNAS,XNAS,2025-09-16 13:30:17.500,T00000017,17,189.6,6,B,,,
AAPL.P.XNAS,XNAS,2025-09-16 13:30:17.900,T00000018,18,188.33,33,B,,,
AAPL.P.XNAS,XNAS,2025-09-16 13:30:18.200,T00000019,19,186.69,32,S,,,
AAPL.P.XNAS,XNAS,2025-09-16 13:30:21.300,T00000020,20,182.05,84,S,,,
AAPL.P.XNAS,XNAS,2025-09-16 13:30:21.600,T00000021,21,182.92000000000002,14,S,,,
AAPL.P.XNAS,XNAS,2025-09-16 13:30:22.600,T00000022,22,182.72,16,B,,,
AAPL.P.XNAS,XNAS,2025-09-16 13:30:25.300,T00000023,23,184.73,11,B,,,
AAPL.P.XNAS,XNAS,2025-09-16 13:30:27.500,T00000024,24,183.36,44,S,,,
AAPL.P.XNAS,XNAS,2025-09-16 13:30:29.100,T00000025,25,187.46,8,S,,,
AAPL.P.XNAS,XNAS,2025-09-16 13:30:29.300,T00000026,26,186.74,18,S,,,
AAPL.P.XNAS,XNAS,2025-09-16 13:30:29.700,T00000027,27,185.3,24,B,,,
AAPL.P.XNAS,XNAS,2025-09-16 13:30:30.100,T00000028,28,186.53,15,B,,,
AAPL.P.XNAS,XNAS,2025-09-16 13:30:30.500,T00000029,29,182.9,13,S,,,
AAPL.P.XNAS,XNAS,2025-09-16 13:30:30.700,T00000030,30,185.8,14,S,,,
AAPL.P.XNAS,XNAS,2025-09-16 13:30:31.600,T00000031,31,184.23,39,B,,,
AAPL.P.XNAS,XNAS,2025-09-16 13:30:32.100,T00000032,32,185.8,112,S,,,
AAPL.P.XNAS,XNAS,2025-09-16 13:30:32.500,T00000033,33,190.04999999999998,22,B,,,
AAPL.P.XNAS,XNAS,2025-09-16 13:30:32.900,T00000034,34,190.16,20,B,,,
AAPL.P.XNAS,XNAS,2025-09-16 13:30:33.200,T00000035,35,189.81,31,B,,,
AAPL.P.XNAS,XNAS,2025-09-16 13:30:33.500,T00000036,36,188.68,12,S,,,
AAPL.P.XNAS,XNAS,2025-09-16 13:30:34.800,T00000037,37,185.8,50,S,,,
AAPL.P.XNAS,XNAS,2025-09-16 13:30:36.400,T00000038,38,176.97,53,B,,,
AAPL.P.XNAS,XNAS,2025-09-16 13:30:37.400,T00000039,39,173.3,33,S,,,
AAPL.P.XNAS,XNAS,2025-09-16 13:30:37.500,T00000040,40,174.19,12,S,,,
AAPL.P.XNAS,XNAS,2025-09-16 13:30:37.800,T00000041,41,174.54,78,B,,,
AAPL.P.XNAS,XNAS,2025-09-16 13:30:38.200,T00000042,42,173.06,56,S,,,
AAPL.P.XNAS,XNAS,2025-09-16 13:30:38.300,T00000043,43,171.65,10,B,,,
AAPL.P.XNAS,XNAS,2025-09-16 13:30:40.100,T00000044,44,167.82,105,S,,,
AAPL.P.XNAS,XNAS,2025-09-16 13:30:42.100,T00000045,45,169.76,29,B,,,
AAPL.P.XNAS,XNAS,2025-09-16 13:30:42.700,T00000046,46,172.11,46,S,,,
AAPL.P.XNAS,XNAS,2025-09-16 13:30:44.100,T00000047,47,169.27,14,S,,,
AAPL.P.XNAS,XNAS,2025-09-16 13:30:44.500,T00000048,48,166.21,22,S,,,
AAPL.P.XNAS,XNAS,2025-09-16 13:30:44.900,T00000049,49,166.86,24,B,,,
AAPL.P.XNAS,XNAS,2025-09-16 13:30:47.100,T00000050,50,170.32,12,S,,,
AAPL.P.XNAS,XNAS,2025-09-16 13:30:47.600,T00000051,51,169.98,12,B,,,
AAPL.P.XNAS,XNAS,2025-09-16 13:30:48.000,T00000052,52,169.62,54,S,,,
AAPL.P.XNAS,XNAS,2025-09-16 13:30:50.100,T00000053,53,171.61,20,S,,,
AAPL.P.XNAS,XNAS,2025-09-16 13:30:50.400,T00000054,54,171.1,21,S,,,
AAPL.P.XNAS,XNAS,2025-09-16 13:30:50.700,T00000055,55,172.45000000000002,12,B,,,
AAPL.P.XNAS,XNAS,2025-09-16 13:30:51.600,T00000056,56,172.4,6,S,,,
AAPL.P.XNAS,XNAS,2025-09-16 13:30:53.900,T00000057,57,175.29,17,S,,,
AAPL.P.XNAS,XNAS,2025-09-16 13:30:56.000,T00000058,58,182.23000000000002,14,S,,,
AAPL.P.XNAS,XNAS,2025-09-16 13:30:56.400,T00000059,59,179.07,11,B,,,
AAPL.P.XNAS,XNAS,2025-09-16 13:30:56.500,T00000060,60,179.98,12,B,,,
AAPL.P.XNAS,XNAS,2025-09-16 13:30:56.700,T00000061,61,179.9,20,S,,,
AAPL.P.XNAS,XNAS,2025-09-16 13:30:57.900,T00000062,62,182.1,26,S,,,
AAPL.P.XNAS,XNAS,2025-09-16 13:30:59.800,T00000063,63,180.68,19,B,,,
AAPL.P.XNAS,XNAS,2025-09-16 13:31:01.300,T00000064,64,184.27,45,S,,,
AAPL.P.XNAS,XNAS,2025-09-16 13:31:01.500,T00000065,65,184.82,31,S,,,
AAPL.P.XNAS,XNAS,2025-09-16 13:31:01.800,T00000066,66,185.13,20,S,,,
AAPL.P.XNAS,XNAS,2025-09-16 13:31:05.400,T00000067,67,180.85,15,S,,,
AAPL.P.XNAS,XNAS,2025-09-16 13:31:08.300,T00000068,68,181.26,17,B,,,
AAPL.P.XNAS,XNAS,2025-09-16 13:31:08.900,T00000069,69,180.05,75,B,,,
AAPL.P.XNAS,XNAS,2025-09-16 13:31:11.300,T00000070,70,177.85,21,B,,,
AAPL.P.XNAS,XNAS,2025-09-16 13:31:11.500,T00000071,71,178.26,20,S,,,
AAPL.P.XNAS,XNAS,2025-09-16 13:31:12.500,T00000072,72,180.20000000000002,49,S,,,
AAPL.P.XNAS,XNAS,2025-09-16 13:31:13.000,T00000073,73,178.8,11,S,,,
AAPL.P.XNAS,XNAS,2025-09-16 13:31:13.600,T00000074,74,179.52,34,B,,,
AAPL.P.XNAS,XNAS,2025-09-16 13:31:14.300,T00000075,75,181.62,23,B,,,
AAPL.P.XNAS,XNAS,2025-09-16 13:31:14.800,T00000076,76,184.13,25,B,,,
AAPL.P.XNAS,XNAS,2025-09-16 13:31:15.800,T00000077,77,185.64000000000001,23,B,,,
AAPL.P.XNAS,XNAS,2025-09-16 13:31:16.200,T00000078,78,184.0,151,B,,,
AAPL.P.XNAS,XNAS,2025-09-16 13:31:16.300,T00000079,79,184.94,53,S,,,
AAPL.P.XNAS,XNAS,2025-09-16 13:31:17.300,T00000080,80,187.18,46,S,,,
AAPL.P.XNAS,XNAS,2025-09-16 13:31:18.000,T00000081,81,187.87,17,S,,,
AAPL.P.XNAS,XNAS,2025-09-16 13:31:20.200,T00000082,82,187.33,17,B,,,
AAPL.P.XNAS,XNAS,2025-09-16 13:31:20.300,T00000083,83,186.83,12,B,,,
AAPL.P.XNAS,XNAS,2025-09-16 13:31:20.500,T00000084,84,184.68,13,S,,,
AAPL.P.XNAS,XNAS,2025-09-16 13:31:21.400,T00000085,85,182.42000000000002,13,S,,,
AAPL.P.XNAS,XNAS,2025-09-16 13:31:21.900,T00000086,86,183.25,15,B,,,
AAPL.P.XNAS,XNAS,2025-09-16 13:31:23.800,T00000087,87,182.81,36,S,,,
AAPL.P.XNAS,XNAS,2025-09-16 13:31:25.000,T00000088,88,183.12,55,B,,,
AAPL.P.XNAS,XNAS,2025-09-16 13:31:25.700,T00000089,89,183.05,11,B,,,
AAPL.P.XNAS,XNAS,2025-09-16 13:31:26.200,T00000090,90,181.89000000000001,11,S,,,
AAPL.P.XNAS,XNAS,2025-09-16 13:31:26.400,T00000091,91,183.10000000000002,13,S,,,
AAPL.P.XNAS,XNAS,2025-09-16 13:31:26.600,T00000092,92,183.61,29,B,,,
AAPL.P.XNAS,XNAS,2025-09-16 13:31:26.700,T00000093,93,182.89000000000001,13,S,,,
AAPL.P.XNAS,XNAS,2025-09-16 13:31:26.800,T00000094,94,183.31,28,B,,,
AAPL.P.XNAS,XNAS,2025-09-16 13:31:27.000,T00000095,95,185.79,53,B,,,
AAPL.P.XNAS,XNAS,2025-09-16 13:31:27.700,T00000096,96,185.25,10,S,,,
AAPL.P.XNAS,XNAS,2025-09-16 13:31:28.100,T00000097,97,185.53,30,B,,,
AAPL.P.XNAS,XNAS,2025-09-16 13:31:28.900,T00000098,98,187.19,56,B,,,
AAPL.P.XNAS,XNAS,2025-09-16 13:31:29.300,T00000099,99,185.86,19,B,,,
AAPL.P.XNAS,XNAS,2025-09-16 13:31:30.500,T00000100,100,183.85,140,S,,,
AAPL.P.XNAS,XNAS,2025-09-16 13:31:31.700,T00000101,101,185.84,25,S,,,
AAPL.P.XNAS,XNAS,2025-09-16 13:31:32.300,T00000102,102,188.05,10,B,,,
AAPL.P.XNAS,XNAS,2025-09-16 13:31:32.700,T00000103,103,188.43,12,S,,,
AAPL.P.XNAS,XNAS,2025-09-16 13:31:36.500,T00000104,104,178.68,34,S,,,
AAPL.P.XNAS,XNAS,2025-09-16 13:31:37.200,T00000105,105,176.76,16,S,,,
AAPL.P.XNAS,XNAS,2025-09-16 13:31:37.400,T00000106,106,176.51,12,B,,,
AAPL.P.XNAS,XNAS,2025-09-16 13:31:37.600,T00000107,107,177.41,49,B,,,
AAPL.P.XNAS,XNAS,2025-09-16 13:31:37.800,T00000108,108,177.99,17,S,,,
AAPL.P.XNAS,XNAS,2025-09-16 13:31:39.200,T00000109,109,177.42000000000002,18,S,,,
AAPL.P.XNAS,XNAS,2025-09-16 13:31:40.700,T00000110,110,176.35,42,B,,,
AAPL.P.XNAS,XNAS,2025-09-16 13:31:44.700,T00000111,111,179.87,27,B,,,
AAPL.P.XNAS,XNAS,2025-09-16 13:31:49.400,T00000112,112,171.45000000000002,12,S,,,
AAPL.P.XNAS,XNAS,2025-09-16 13:31:50.000,T00000113,113,170.17000000000002,21,S,,,
AAPL.P.XNAS,XNAS,2025-09-16 13:31:51.300,T00000114,114,173.46,15,B,,,
AAPL.P.XNAS,XNAS,2025-09-16 13:31:51.400,T00000115,115,173.06,12,S,,,
AAPL.P.XNAS,XNAS,2025-09-16 13:31:53.500,T00000116,116,178.66,13,B,,,
AAPL.P.XNAS,XNAS,2025-09-16 13:31:54.800,T00000117,117,180.16,25,B,,,
AAPL.P.XNAS,XNAS,2025-09-16 13:31:56.200,T00000118,118,181.20000000000002,117,S,,,
AAPL.P.XNAS,XNAS,2025-09-16 13:31:59.000,T00000119,119,177.63000000000002,10,S,,,
AAPL.P.XNAS,XNAS,2025-09-16 13:31:59.800,T00000120,120,180.0,33,B,,,
AAPL.P.XNAS,XNAS,2025-09-16 13:32:00.500,T00000121,121,175.66,22,S,,,
AAPL.P.XNAS,XNAS,2025-09-16 13:32:01.000,T00000122,122,173.69,22,B,,,
AAPL.P.XNAS,XNAS,2025-09-16 13:32:01.100,T00000123,123,174.15,30,B,,,
AAPL.P.XNAS,XNAS,2025-09-16 13:32:01.600,T00000124,124,176.19,15,B,,,
AAPL.P.XNAS,XNAS,2025-09-16 13:32:02.500,T00000125,125,176.27,13,B,,,
AAPL.P.XNAS,XNAS,2025-09-16 13:32:03.200,T00000126,126,177.4,15,B,,,
AAPL.P.XNAS,XNAS,2025-09-16 13:32:04.900,T00000127,127,183.74,66,S,,,
AAPL.P.XNAS,XNAS,2025-09-16 13:32:05.900,T00000128,128,185.34,54,S,,,
AAPL.P.XNAS,XNAS,2025-09-16 13:32:06.600,T00000129,129,185.58,12,S,,,
AAPL.P.XNAS,XNAS,2025-09-16 13:32:06.700,T00000130,130,185.25,12,B,,,
AAPL.P.XNAS,XNAS,2025-09-16 13:32:07.700,T00000131,131,184.48,33,S,,,
AAPL.P.XNAS,XNAS,2025-09-16 13:32:09.300,T00000132,132,183.87,11,S,,,
AAPL.P.XNAS,XNAS,2025-09-16 13:32:10.800,T00000133,133,184.67000000000002,6,B,,,
AAPL.P.XNAS,XNAS,2025-09-16 13:32:12.300,T00000134,134,176.21,23,S,,,
AAPL.P.XNAS,XNAS,2025-09-16 13:32:13.000,T00000135,135,177.8,42,B,,,
AAPL.P.XNAS,XNAS,2025-09-16 13:32:14.800,T00000136,136,173.71,11,B,,,
AAPL.P.XNAS,XNAS,2025-09-16 13:32:15.700,T00000137,137,175.99,10,B,,,
AAPL.P.XNAS,XNAS,2025-09-16 13:32:15.800,T00000138,138,177.5,168,B,,,
AAPL.P.XNAS,XNAS,2025-09-16 13:32:16.200,T00000139,139,177.18,23,S,,,
AAPL.P.XNAS,XNAS,2025-09-16 13:32:16.600,T00000140,140,178.76,12,B,,,
AAPL.P.XNAS,XNAS,2025-09-16 13:32:17.200,T00000141,141,180.53,17,B,,,
AAPL.P.XNAS,XNAS,2025-09-16 13:32:17.800,T00000142,142,182.5,24,B,,,
AAPL.P.XNAS,XNAS,2025-09-16 13:32:17.900,T00000143,143,181.53,55,S,,,
AAPL.P.XNAS,XNAS,2025-09-16 13:32:18.800,T00000144,144,181.95000000000002,65,B,,,
AAPL.P.XNAS,XNAS,2025-09-16 13:32:19.300,T00000145,145,179.65,11,S,,,
AAPL.P.XNAS,XNAS,2025-09-16 13:32:19.600,T00000146,146,181.68,27,B,,,
AAPL.P.XNAS,XNAS,2025-09-16 13:32:20.100,T00000147,147,178.83,14,S,,,
AAPL.P.XNAS,XNAS,2025-09-16 13:32:21.400,T00000148,148,178.78,12,S,,,
AAPL.P.XNAS,XNAS,2025-09-16 13:32:22.300,T00000149,149,179.79,58,S,,,
AAPL.P.XNAS,XNAS,2025-09-16 13:32:23.200,T00000150,150,177.34,19,B,,,
AAPL.P.XNAS,XNAS,2025-09-16 13:32:24.000,T00000151,151,177.08,20,S,,,
AAPL.P.XNAS,XNAS,2025-09-16 13:32:24.600,T00000152,152,179.3,17,S,,,
AAPL.P.XNAS,XNAS,2025-09-16 13:32:25.700,T00000153,153,181.12,22,B,,,
AAPL.P.XNAS,XNAS,2025-09-16 13:32:26.000,T00000154,154,180.76,16,S,,,
AAPL.P.XNAS,XNAS,2025-09-16 13:32:28.800,T00000155,155,182.06,24,S,,,
AAPL.P.XNAS,XNAS,2025-09-16 13:32:30.300,T00000156,156,182.45000000000002,14,B,,,
AAPL.P.XNAS,XNAS,2025-09-16 13:32:30.800,T00000157,157,184.12,33,B,,,
AAPL.P.XNAS,XNAS,2025-09-16 13:32:31.600,T00000158,158,184.86,18,B,,,
AAPL.P.XNAS,XNAS,2025-09-16 13:32:33.300,T00000159,159,182.52,61,B,,,
AAPL.P.XNAS,XNAS,2025-09-16 13:32:33.800,T00000160,160,181.01,41,S,,,
AAPL.P.XNAS,XNAS,2025-09-16 13:32:34.700,T00000161,161,180.05,19,S,,,
AAPL.P.XNAS,XNAS,2025-09-16 13:32:35.800,T00000162,162,182.04,10,B,,,
AAPL.P.XNAS,XNAS,2025-09-16 13:32:36.500,T00000163,163,183.14000000000001,27,B,,,
AAPL.P.XNAS,XNAS,2025-09-16 13:32:37.800,T00000164,164,176.83,112,B,,,
AAPL.P.XNAS,XNAS,2025-09-16 13:32:40.300,T00000165,165,179.98,16,B,,,
AAPL.P.XNAS,XNAS,2025-09-16 13:32:40.800,T00000166,166,179.18,17,B,,,
AAPL.P.XNAS,XNAS,2025-09-16 13:32:41.300,T00000167,167,178.76999999999998,36,B,,,
AAPL.P.XNAS,XNAS,2025-09-16 13:32:42.200,T00000168,168,177.43,12,S,,,
AAPL.P.XNAS,XNAS,2025-09-16 13:32:42.300,T00000169,169,177.37,15,B,,,
AAPL.P.XNAS,XNAS,2025-09-16 13:32:42.500,T00000170,170,177.9,30,S,,,
AAPL.P.XNAS,XNAS,2025-09-16 13:32:43.000,T00000171,171,178.49,33,S,,,
AAPL.P.XNAS,XNAS,2025-09-16 13:32:43.300,T00000172,172,180.47,18,S,,,
AAPL.P.XNAS,XNAS,2025-09-16 13:32:44.500,T00000173,173,183.48,15,S,,,
AAPL.P.XNAS,XNAS,2025-09-16 13:32:45.000,T00000174,174,185.41,18,B,,,
AAPL.P.XNAS,XNAS,2025-09-16 13:32:45.800,T00000175,175,185.84,17,B,,,
AAPL.P.XNAS,XNAS,2025-09-16 13:32:47.400,T00000176,176,184.35,11,B,,,
AAPL.P.XNAS,XNAS,2025-09-16 13:32:48.800,T00000177,177,188.19,22,S,,,
AAPL.P.XNAS,XNAS,2025-09-16 13:32:50.900,T00000178,178,179.8,11,S,,,
AAPL.P.XNAS,XNAS,2025-09-16 13:32:52.200,T00000179,179,181.57,10,S,,,
AAPL.P.XNAS,XNAS,2025-09-16 13:32:52.500,T00000180,180,181.01,19,B,,,
AAPL.P.XNAS,XNAS,2025-09-16 13:32:53.700,T00000181,181,180.70000000000002,18,S,,,
AAPL.P.XNAS,XNAS,2025-09-16 13:32:54.500,T00000182,182,178.0,10,S,,,
AAPL.P.XNAS,XNAS,2025-09-16 13:32:55.000,T00000183,183,176.9,12,S,,,
AAPL.P.XNAS,XNAS,2025-09-16 13:32:55.100,T00000184,184,176.86,13,S,,,
AAPL.P.XNAS,XNAS,2025-09-16 13:32:55.300,T00000185,185,175.25,23,B,,,
AAPL.P.XNAS,XNAS,2025-09-16 13:32:57.100,T00000186,186,178.56,13,B,,,
AAPL.P.XNAS,XNAS,2025-09-16 13:32:58.400,T00000187,187,176.78,34,B,,,
AAPL.P.XNAS,XNAS,2025-09-16 13:32:59.200,T00000188,188,175.07,23,B,,,
AAPL.P.XNAS,XNAS,2025-09-16 13:33:00.400,T00000189,189,179.03,14,B,,,
AAPL.P.XNAS,XNAS,2025-09-16 13:33:01.200,T00000190,190,180.39000000000001,63,B,,,
AAPL.P.XNAS,XNAS,2025-09-16 13:33:01.400,T00000191,191,181.76,40,B,,,
AAPL.P.XNAS,XNAS,2025-09-16 13:33:02.100,T00000192,192,183.86,13,B,,,
AAPL.P.XNAS,XNAS,2025-09-16 13:33:02.400,T00000193,193,182.89000000000001,17,B,,,
AAPL.P.XNAS,XNAS,2025-09-16 13:33:03.100,T00000194,194,187.24,14,S,,,
AAPL.P.XNAS,XNAS,2025-09-16 13:33:04.400,T00000195,195,182.57,73,S,,,
AAPL.P.XNAS,XNAS,2025-09-16 13:33:05.500,T00000196,196,184.23,47,B,,,
AAPL.P.XNAS,XNAS,2025-09-16 13:33:06.600,T00000197,197,183.51,49,S,,,
AAPL.P.XNAS,XNAS,2025-09-16 13:33:06.700,T00000198,198,182.63,8,S,,,
AAPL.P.XNAS,XNAS,2025-09-16 13:33:07.500,T00000199,199,180.67000000000002,25,B,,,
AAPL.P.XNAS,XNAS,2025-09-16 13:33:08.900,T00000200,200,179.48,29,S,,,
AAPL.P.XNAS,XNAS,2025-09-16 13:33:10.400,T00000201,201,173.78,22,S,,,
AAPL.P.XNAS,XNAS,2025-09-16 13:33:11.800,T00000202,202,176.94,13,B,,,
AAPL.P.XNAS,XNAS,2025-09-16 13:33:12.500,T00000203,203,174.26,12,B,,,
AAPL.P.XNAS,XNAS,2025-09-16 13:33:13.300,T00000204,204,176.06,42,S,,,
AAPL.P.XNAS,XNAS,2025-09-16 13:33:13.600,T00000205,205,176.84,11,B,,,
AAPL.P.XNAS,XNAS,2025-09-16 13:33:14.200,T00000206,206,178.49,31,S,,,
AAPL.P.XNAS,XNAS,2025-09-16 13:33:14.900,T00000207,207,177.42000000000002,52,S,,,
AAPL.P.XNAS,XNAS,2025-09-16 13:33:15.300,T00000208,208,177.01,21,S,,,
AAPL.P.XNAS,XNAS,2025-09-16 13:33:15.700,T00000209,209,175.65,13,S,,,
AAPL.P.XNAS,XNAS,2025-09-16 13:33:17.300,T00000210,210,181.12,30,S,,,
AAPL.P.XNAS,XNAS,2025-09-16 13:33:18.400,T00000211,211,183.67000000000002,33,S,,,
AAPL.P.XNAS,XNAS,2025-09-16 13:33:19.700,T00000212,212,176.78,14,B,,,
AAPL.P.XNAS,XNAS,2025-09-16 13:33:20.200,T00000213,213,178.99,15,S,,,
AAPL.P.XNAS,XNAS,2025-09-16 13:33:20.300,T00000214,214,180.38,12,S,,,
AAPL.P.XNAS,XNAS,2025-09-16 13:33:21.000,T00000215,215,181.67000000000002,28,B,,,
AAPL.P.XNAS,XNAS,2025-09-16 13:33:21.700,T00000216,216,179.12,27,B,,,
AAPL.P.XNAS,XNAS,2025-09-16 13:33:23.100,T00000217,217,181.03,33,S,,,
AAPL.P.XNAS,XNAS,2025-09-16 13:33:27.000,T00000218,218,178.25,13,S,,,
AAPL.P.XNAS,XNAS,2025-09-16 13:33:27.700,T00000219,219,177.87,23,S,,,
AAPL.P.XNAS,XNAS,2025-09-16 13:33:27.900,T00000220,220,176.55,33,B,,,
AAPL.P.XNAS,XNAS,2025-09-16 13:33:29.800,T00000221,221,180.99,14,B,,,
AAPL.P.XNAS,XNAS,2025-09-16 13:33:31.800,T00000222,222,179.31,23,B,,,
AAPL.P.XNAS,XNAS,2025-09-16 13:33:32.700,T00000223,223,178.32,10,S,,,
AAPL.P.XNAS,XNAS,2025-09-16 13:33:34.200,T00000224,224,177.28,14,B,,,
AAPL.P.XNAS,XNAS,2025-09-16 13:33:34.400,T00000225,225,179.77,14,B,,,
AAPL.P.XNAS,XNAS,2025-09-16 13:33:36.000,T00000226,226,179.78,32,B,,,
AAPL.P.XNAS,XNAS,2025-09-16 13:33:36.700,T00000227,227,177.13,27,S,,,
AAPL.P.XNAS,XNAS,2025-09-16 13:33:36.800,T00000228,228,177.25,27,B,,,
AAPL.P.XNAS,XNAS,2025-09-16 13:33:36.900,T00000229,229,178.53,17,S,,,
AAPL.P.XNAS,XNAS,2025-09-16 13:33:38.100,T00000230,230,178.81,21,B,,,
AAPL.P.XNAS,XNAS,2025-09-16 13:33:39.500,T00000231,231,176.81,27,S,,,
AAPL.P.XNAS,XNAS,2025-09-16 13:33:41.900,T00000232,232,179.97,28,B,,,
AAPL.P.XNAS,XNAS,2025-09-16 13:33:43.200,T00000233,233,184.05,48,B,,,
AAPL.P.XNAS,XNAS,2025-09-16 13:33:47.000,T00000234,234,184.85,30,S,,,
AAPL.P.XNAS,XNAS,2025-09-16 13:33:47.200,T00000235,235,183.59,33,S,,,
AAPL.P.XNAS,XNAS,2025-09-16 13:33:47.700,T00000236,236,183.45000000000002,11,B,,,
AAPL.P.XNAS,XNAS,2025-09-16 13:33:48.500,T00000237,237,182.64000000000001,8,S,,,
AAPL.P.XNAS,XNAS,2025-09-16 13:33:50.900,T00000238,238,180.32,15,B,,,
AAPL.P.XNAS,XNAS,2025-09-16 13:33:51.600,T00000239,239,177.99,15,B,,,
AAPL.P.XNAS,XNAS,2025-09-16 13:33:56.700,T00000240,240,182.0,18,B,,,
AAPL.P.XNAS,XNAS,2025-09-16 13:33:56.800,T00000241,241,179.48,15,B,,,
AAPL.P.XNAS,XNAS,2025-09-16 13:33:57.400,T00000242,242,176.47,15,S,,,
AAPL.P.XNAS,XNAS,2025-09-16 13:33:58.100,T00000243,243,179.21,16,B,,,
AAPL.P.XNAS,XNAS,2025-09-16 13:33:58.900,T00000244,244,178.92,12,B,,,
AAPL.P.XNAS,XNAS,2025-09-16 13:33:59.600,T00000245,245,176.07,25,B,,,
AAPL.P.XNAS,XNAS,2025-09-16 13:34:00.100,T00000246,246,178.25,47,B,,,
AAPL.P.XNAS,XNAS,2025-09-16 13:34:00.200,T00000247,247,178.62,19,B,,,
AAPL.P.XNAS,XNAS,2025-09-16 13:34:00.800,T00000248,248,178.58,10,B,,,
AAPL.P.XNAS,XNAS,2025-09-16 13:34:01.500,T00000249,249,178.01999999999998,11,B,,,
AAPL.P.XNAS,XNAS,2025-09-16 13:34:01.900,T00000250,250,180.96,11,S,,,
AAPL.P.XNAS,XNAS,2025-09-16 13:34:02.500,T00000251,251,183.36,7,S,,,
AAPL.P.XNAS,XNAS,2025-09-16 13:34:02.600,T00000252,252,184.12,17,B,,,
AAPL.P.XNAS,XNAS,2025-09-16 13:34:02.800,T00000253,253,183.85,14,S,,,
AAPL.P.XNAS,XNAS,2025-09-16 13:34:02.900,T00000254,254,184.27,15,S,,,
AAPL.P.XNAS,XNAS,2025-09-16 13:34:03.500,T00000255,255,187.76,14,B,,,
AAPL.P.XNAS,XNAS,2025-09-16 13:34:03.600,T00000256,256,187.91,39,B,,,
AAPL.P.XNAS,XNAS,2025-09-16 13:34:03.900,T00000257,257,187.33,24,B,,,
AAPL.P.XNAS,XNAS,2025-09-16 13:34:05.000,T00000258,258,184.37,13,S,,,
AAPL.P.XNAS,XNAS,2025-09-16 13:34:06.000,T00000259,259,186.23000000000002,38,S,,,
AAPL.P.XNAS,XNAS,2025-09-16 13:34:11.800,T00000260,260,174.86,15,B,,,
AAPL.P.XNAS,XNAS,2025-09-16 13:34:12.600,T00000261,261,178.52,14,B,,,
AAPL.P.XNAS,XNAS,2025-09-16 13:34:13.000,T00000262,262,178.44,37,S,,,
AAPL.P.XNAS,XNAS,2025-09-16 13:34:13.200,T00000263,263,178.21,17,S,,,
AAPL.P.XNAS,XNAS,2025-09-16 13:34:13.500,T00000264,264,179.68,54,B,,,
AAPL.P.XNAS,XNAS,2025-09-16 13:34:13.800,T00000265,265,180.68,22,B,,,
AAPL.P.XNAS,XNAS,2025-09-16 13:34:14.900,T00000266,266,181.05,29,S,,,
AAPL.P.XNAS,XNAS,2025-09-16 13:34:16.100,T00000267,267,174.85,17,B,,,
AAPL.P.XNAS,XNAS,2025-09-16 13:34:19.100,T00000268,268,179.71,10,S,,,
AAPL.P.XNAS,XNAS,2025-09-16 13:34:20.100,T00000269,269,176.53,14,B,,,
AAPL.P.XNAS,XNAS,2025-09-16 13:34:20.600,T00000270,270,174.48,66,S,,,
AAPL.P.XNAS,XNAS,2025-09-16 13:34:20.700,T00000271,271,174.84,20,B,,,
AAPL.P.XNAS,XNAS,2025-09-16 13:34:21.600,T00000272,272,176.42000000000002,18,B,,,
AAPL.P.XNAS,XNAS,2025-09-16 13:34:21.700,T00000273,273,176.26,10,S,,,
AAPL.P.XNAS,XNAS,2025-09-16 13:34:22.300,T00000274,274,177.17,22,B,,,
AAPL.P.XNAS,XNAS,2025-09-16 13:34:22.400,T00000275,275,177.89000000000001,16,S,,,
AAPL.P.XNAS,XNAS,2025-09-16 13:34:22.900,T00000276,276,175.45000000000002,20,S,,,
AAPL.P.XNAS,XNAS,2025-09-16 13:34:23.300,T00000277,277,173.89000000000001,25,S,,,
AAPL.P.XNAS,XNAS,2025-09-16 13:34:26.200,T00000278,278,175.25,12,B,,,
AAPL.P.XNAS,XNAS,2025-09-16 13:34:28.200,T00000279,279,176.89000000000001,83,B,,,
AAPL.P.XNAS,XNAS,2025-09-16 13:34:29.700,T00000280,280,177.37,13,B,,,
AAPL.P.XNAS,XNAS,2025-09-16 13:34:30.800,T00000281,281,177.04,12,S,,,
AAPL.P.XNAS,XNAS,2025-09-16 13:34:33.300,T00000282,282,179.54,60,S,,,
AAPL.P.XNAS,XNAS,2025-09-16 13:34:33.900,T00000283,283,181.54999999999998,22,B,,,
AAPL.P.XNAS,XNAS,2025-09-16 13:34:34.400,T00000284,284,181.55,60,B,,,
AAPL.P.XNAS,XNAS,2025-09-16 13:34:35.300,T00000285,285,185.95,13,B,,,
AAPL.P.XNAS,XNAS,2025-09-16 13:34:38.000,T00000286,286,186.24,17,S,,,
AAPL.P.XNAS,XNAS,2025-09-16 13:34:39.700,T00000287,287,185.57,20,S,,,
AAPL.P.XNAS,XNAS,2025-09-16 13:34:40.900,T00000288,288,182.28,23,B,,,
AAPL.P.XNAS,XNAS,2025-09-16 13:34:42.800,T00000289,289,185.35,13,S,,,
AAPL.P.XNAS,XNAS,2025-09-16 13:34:45.600,T00000290,290,184.78,12,S,,,
AAPL.P.XNAS,XNAS,2025-09-16 13:34:48.000,T00000291,291,180.56,14,B,,,
AAPL.P.XNAS,XNAS,2025-09-16 13:34:48.300,T00000292,292,180.62,28,S,,,
AAPL.P.XNAS,XNAS,2025-09-16 13:34:49.300,T00000293,293,186.09,41,S,,,
AAPL.P.XNAS,XNAS,2025-09-16 13:34:55.700,T00000294,294,185.49,27,B,,,
AAPL.P.XNAS,XNAS,2025-09-16 13:34:56.700,T00000295,295,186.01,36,S,,,
AAPL.P.XNAS,XNAS,2025-09-16 13:34:57.600,T00000296,296,186.82,17,S,,,
AAPL.P.XNAS,XNAS,2025-09-16 13:34:58.900,T00000297,297,180.11,15,S,,,
AAPL.P.XNAS,XNAS,2025-09-16 13:34:59.000,T00000298,298,179.46,26,B,,,
AAPL.P.XNAS,XNAS,2025-09-16 13:34:59.800,T00000299,299,178.73,27,S,,,
AAPL.P.XNAS,XNAS,2025-09-16 13:35:00.600,T00000300,300,182.01,32,B,,,
AAPL.P.XNAS,XNAS,2025-09-16 13:35:00.900,T00000301,301,183.58,58,B,,,
AAPL.P.XNAS,XNAS,2025-09-16 13:35:01.700,T00000302,302,184.18,112,S,,,
AAPL.P.XNAS,XNAS,2025-09-16 13:35:01.900,T00000303,303,182.69,18,S,,,
AAPL.P.XNAS,XNAS,2025-09-16 13:35:02.400,T00000304,304,183.44,12,B,,,
AAPL.P.XNAS,XNAS,2025-09-16 13:35:03.500,T00000305,305,180.29,42,S,,,
AAPL.P.XNAS,XNAS,2025-09-16 13:35:04.200,T00000306,306,178.54,57,B,,,
AAPL.P.XNAS,XNAS,2025-09-16 13:35:04.400,T00000307,307,180.42,15,B,,,
AAPL.P.XNAS,XNAS,2025-09-16 13:35:04.600,T00000308,308,178.89000000000001,21,S,,,
AAPL.P.XNAS,XNAS,2025-09-16 13:35:04.700,T00000309,309,179.85,26,B,,,
AAPL.P.XNAS,XNAS,2025-09-16 13:35:05.400,T00000310,310,177.06,18,S,,,
AAPL.P.XNAS,XNAS,2025-09-16 13:35:06.100,T00000311,311,180.86,49,S,,,
AAPL.P.XNAS,XNAS,2025-09-16 13:35:06.200,T00000312,312,180.8,21,S,,,
AAPL.P.XNAS,XNAS,2025-09-16 13:35:08.600,T00000313,313,185.29,20,B,,,
AAPL.P.XNAS,XNAS,2025-09-16 13:35:08.800,T00000314,314,185.66,11,S,,,
AAPL.P.XNAS,XNAS,2025-09-16 13:35:10.100,T00000315,315,183.52,21,S,,,
AAPL.P.XNAS,XNAS,2025-09-16 13:35:12.100,T00000316,316,185.21,4,S,,,
AAPL.P.XNAS,XNAS,2025-09-16 13:35:14.700,T00000317,317,181.48,29,S,,,
AAPL.P.XNAS,XNAS,2025-09-16 13:35:16.000,T00000318,318,184.76,14,B,,,
AAPL.P.XNAS,XNAS,2025-09-16 13:35:16.300,T00000319,319,184.63,12,S,,,
AAPL.P.XNAS,XNAS,2025-09-16 13:35:17.900,T00000320,320,186.75,34,B,,,
AAPL.P.XNAS,XNAS,2025-09-16 13:35:18.300,T00000321,321,185.94,11,B,,,
AAPL.P.XNAS,XNAS,2025-09-16 13:35:20.100,T00000322,322,181.91,26,S,,,
AAPL.P.XNAS,XNAS,2025-09-16 13:35:21.100,T00000323,323,184.9,28,S,,,
AAPL.P.XNAS,XNAS,2025-09-16 13:35:21.700,T00000324,324,184.98,13,B,,,
AAPL.P.XNAS,XNAS,2025-09-16 13:35:22.900,T00000325,325,180.95000000000002,12,B,,,
AAPL.P.XNAS,XNAS,2025-09-16 13:35:23.800,T00000326,326,179.04,38,B,,,
AAPL.P.XNAS,XNAS,2025-09-16 13:35:23.900,T00000327,327,178.79,29,S,,,
AAPL.P.XNAS,XNAS,2025-09-16 13:35:24.900,T00000328,328,176.41,57,B,,,
AAPL.P.XNAS,XNAS,2025-09-16 13:35:26.100,T00000329,329,176.04,16,B,,,
AAPL.P.XNAS,XNAS,2025-09-16 13:35:27.300,T00000330,330,179.20000000000002,57,S,,,
AAPL.P.XNAS,XNAS,2025-09-16 13:35:28.000,T00000331,331,178.34,12,B,,,
AAPL.P.XNAS,XNAS,2025-09-16 13:35:33.100,T00000332,332,172.12,12,B,,,
AAPL.P.XNAS,XNAS,2025-09-16 13:35:33.200,T00000333,333,172.4,13,S,,,
AAPL.P.XNAS,XNAS,2025-09-16 13:35:34.400,T00000334,334,170.17000000000002,14,B,,,
AAPL.P.XNAS,XNAS,2025-09-16 13:35:35.400,T00000335,335,167.05,29,B,,,
AAPL.P.XNAS,XNAS,2025-09-16 13:35:35.800,T00000336,336,170.51,20,B,,,
AAPL.P.XNAS,XNAS,2025-09-16 13:35:37.400,T00000337,337,171.70000000000002,46,S,,,
AAPL.P.XNAS,XNAS,2025-09-16 13:35:38.500,T00000338,338,173.23,36,B,,,
AAPL.P.XNAS,XNAS,2025-09-16 13:35:42.200,T00000339,339,179.64000000000001,15,B,,,
AAPL.P.XNAS,XNAS,2025-09-16 13:35:43.300,T00000340,340,179.72,11,B,,,
AAPL.P.XNAS,XNAS,2025-09-16 13:35:43.700,T00000341,341,180.31,26,S,,,
AAPL.P.XNAS,XNAS,2025-09-16 13:35:45.100,T00000342,342,180.33,29,B,,,
AAPL.P.XNAS,XNAS,2025-09-16 13:35:45.500,T00000343,343,179.56,35,B,,,
AAPL.P.XNAS,XNAS,2025-09-16 13:35:47.000,T00000344,344,171.84,11,S,,,
AAPL.P.XNAS,XNAS,2025-09-16 13:35:47.600,T00000345,345,172.25,23,S,,,
AAPL.P.XNAS,XNAS,2025-09-16 13:35:48.200,T00000346,346,173.77,12,B,,,
AAPL.P.XNAS,XNAS,2025-09-16 13:35:49.300,T00000347,347,175.8,50,B,,,
AAPL.P.XNAS,XNAS,2025-09-16 13:35:49.800,T00000348,348,174.75,16,B,,,
AAPL.P.XNAS,XNAS,2025-09-16 13:35:51.200,T00000349,349,173.86,34,B,,,
AAPL.P.XNAS,XNAS,2025-09-16 13:35:51.800,T00000350,350,174.92000000000002,59,B,,,
AAPL.P.XNAS,XNAS,2025-09-16 13:35:55.600,T00000351,351,176.88,30,S,,,
AAPL.P.XNAS,XNAS,2025-09-16 13:35:58.600,T00000352,352,176.85,13,S,,,
AAPL.P.XNAS,XNAS,2025-09-16 13:35:59.500,T00000353,353,180.29,61,S,,,
AAPL.P.XNAS,XNAS,2025-09-16 13:36:01.200,T00000354,354,180.62,42,S,,,
AAPL.P.XNAS,XNAS,2025-09-16 13:36:02.000,T00000355,355,179.37,33,S,,,
AAPL.P.XNAS,XNAS,2025-09-16 13:36:04.200,T00000356,356,177.57,12,S,,,
AAPL.P.XNAS,XNAS,2025-09-16 13:36:07.900,T00000357,357,178.63,26,S,,,
AAPL.P.XNAS,XNAS,2025-09-16 13:36:08.200,T00000358,358,178.15,15,B,,,
AAPL.P.XNAS,XNAS,2025-09-16 13:36:08.300,T00000359,359,177.69,37,S,,,
AAPL.P.XNAS,XNAS,2025-09-16 13:36:08.400,T00000360,360,179.66,40,S,,,
AAPL.P.XNAS,XNAS,2025-09-16 13:36:09.400,T00000361,361,177.56,23,S,,,
AAPL.P.XNAS,XNAS,2025-09-16 13:36:11.000,T00000362,362,177.31,20,B,,,
AAPL.P.XNAS,XNAS,2025-09-16 13:36:13.500,T00000363,363,177.46,15,B,,,
AAPL.P.XNAS,XNAS,2025-09-16 13:36:16.800,T00000364,364,172.19,47,B,,,
AAPL.P.XNAS,XNAS,2025-09-16 13:36:17.700,T00000365,365,175.34,22,S,,,
AAPL.P.XNAS,XNAS,2025-09-16 13:36:18.600,T00000366,366,176.26,70,S,,,
AAPL.P.XNAS,XNAS,2025-09-16 13:36:18.900,T00000367,367,176.88,18,S,,,
AAPL.P.XNAS,XNAS,2025-09-16 13:36:19.600,T00000368,368,174.17000000000002,13,S,,,
AAPL.P.XNAS,XNAS,2025-09-16 13:36:20.300,T00000369,369,175.4,5,B,,,
AAPL.P.XNAS,XNAS,2025-09-16 13:36:20.500,T00000370,370,174.69,13,B,,,
AAPL.P.XNAS,XNAS,2025-09-16 13:36:20.800,T00000371,371,175.61,58,B,,,
AAPL.P.XNAS,XNAS,2025-09-16 13:36:21.700,T00000372,372,171.48,12,S,,,
AAPL.P.XNAS,XNAS,2025-09-16 13:36:23.200,T00000373,373,173.09,18,B,,,
AAPL.P.XNAS,XNAS,2025-09-16 13:36:24.900,T00000374,374,167.92,6,B,,,
AAPL.P.XNAS,XNAS,2025-09-16 13:36:25.700,T00000375,375,173.3,14,B,,,
AAPL.P.XNAS,XNAS,2025-09-16 13:36:26.100,T00000376,376,173.33,26,S,,,
AAPL.P.XNAS,XNAS,2025-09-16 13:36:27.200,T00000377,377,175.82,97,B,,,
AAPL.P.XNAS,XNAS,2025-09-16 13:36:30.500,T00000378,378,176.89000000000001,11,S,,,
AAPL.P.XNAS,XNAS,2025-09-16 13:36:33.800,T00000379,379,176.71,49,B,,,
AAPL.P.XNAS,XNAS,2025-09-16 13:36:35.100,T00000380,380,176.70000000000002,9,S,,,
AAPL.P.XNAS,XNAS,2025-09-16 13:36:35.800,T00000381,381,176.63,25,S,,,
AAPL.P.XNAS,XNAS,2025-09-16 13:36:36.200,T00000382,382,176.48,28,B,,,
AAPL.P.XNAS,XNAS,2025-09-16 13:36:39.100,T00000383,383,178.0,33,S,,,
AAPL.P.XNAS,XNAS,2025-09-16 13:36:39.400,T00000384,384,182.08,13,S,,,
AAPL.P.XNAS,XNAS,2025-09-16 13:36:40.300,T00000385,385,180.67000000000002,44,B,,,
AAPL.P.XNAS,XNAS,2025-09-16 13:36:42.000,T00000386,386,181.60999999999999,14,B,,,
AAPL.P.XNAS,XNAS,2025-09-16 13:36:42.500,T00000387,387,183.75,12,S,,,
AAPL.P.XNAS,XNAS,2025-09-16 13:36:45.200,T00000388,388,178.59,21,S,,,
AAPL.P.XNAS,XNAS,2025-09-16 13:36:45.400,T00000389,389,180.01,33,S,,,
AAPL.P.XNAS,XNAS,2025-09-16 13:36:49.000,T00000390,390,181.65,11,B,,,
AAPL.P.XNAS,XNAS,2025-09-16 13:36:49.800,T00000391,391,179.75,11,S,,,
AAPL.P.XNAS,XNAS,2025-09-16 13:36:51.200,T00000392,392,181.25,16,S,,,
AAPL.P.XNAS,XNAS,2025-09-16 13:36:53.300,T00000393,393,175.46,16,B,,,
AAPL.P.XNAS,XNAS,2025-09-16 13:36:53.500,T00000394,394,177.03,17,B,,,
AAPL.P.XNAS,XNAS,2025-09-16 13:36:53.900,T00000395,395,175.43,15,S,,,
AAPL.P.XNAS,XNAS,2025-09-16 13:36:55.500,T00000396,396,174.59,29,B,,,
AAPL.P.XNAS,XNAS,2025-09-16 13:36:56.500,T00000397,397,175.77,12,S,,,
AAPL.P.XNAS,XNAS,2025-09-16 13:36:58.100,T00000398,398,176.04,20,B,,,
AAPL.P.XNAS,XNAS,2025-09-16 13:36:58.700,T00000399,399,174.84,11,B,,,
AAPL.P.XNAS,XNAS,2025-09-16 13:36:59.100,T00000400,400,172.70000000000002,12,S,,,
AAPL.P.XNAS,XNAS,2025-09-16 13:37:02.400,T00000401,401,172.53,24,B,,,
AAPL.P.XNAS,XNAS,2025-09-16 13:37:03.400,T00000402,402,172.32,16,S,,,
AAPL.P.XNAS,XNAS,2025-09-16 13:37:03.500,T00000403,403,172.02,13,B,,,
AAPL.P.XNAS,XNAS,2025-09-16 13:37:04.300,T00000404,404,171.41,24,S,,,
AAPL.P.XNAS,XNAS,2025-09-16 13:37:04.400,T00000405,405,170.43,21,S,,,
AAPL.P.XNAS,XNAS,2025-09-16 13:37:05.300,T00000406,406,178.05,13,S,,,
AAPL.P.XNAS,XNAS,2025-09-16 13:37:05.500,T00000407,407,176.68,11,B,,,
AAPL.P.XNAS,XNAS,2025-09-16 13:37:06.300,T00000408,408,178.74,17,S,,,
AAPL.P.XNAS,XNAS,2025-09-16 13:37:07.600,T00000409,409,179.91,27,S,,,
AAPL.P.XNAS,XNAS,2025-09-16 13:37:07.900,T00000410,410,182.21,26,S,,,
AAPL.P.XNAS,XNAS,2025-09-16 13:37:08.500,T00000411,411,180.36,23,B,,,
AAPL.P.XNAS,XNAS,2025-09-16 13:37:08.600,T00000412,412,179.78,31,B,,,
AAPL.P.XNAS,XNAS,2025-09-16 13:37:08.700,T00000413,413,179.72,40,B,,,
AAPL.P.XNAS,XNAS,2025-09-16 13:37:10.700,T00000414,414,177.12,84,S,,,
AAPL.P.XNAS,XNAS,2025-09-16 13:37:11.200,T00000415,415,175.99,4,B,,,
AAPL.P.XNAS,XNAS,2025-09-16 13:37:11.600,T00000416,416,177.43,15,B,,,
AAPL.P.XNAS,XNAS,2025-09-16 13:37:13.000,T00000417,417,180.83,51,S,,,
AAPL.P.XNAS,XNAS,2025-09-16 13:37:13.100,T00000418,418,182.12,22,S,,,
AAPL.P.XNAS,XNAS,2025-09-16 13:37:13.300,T00000419,419,183.27,14,S,,,
AAPL.P.XNAS,XNAS,2025-09-16 13:37:13.400,T00000420,420,183.82,5,B,,,
AAPL.P.XNAS,XNAS,2025-09-16 13:37:15.900,T00000421,421,182.4,16,S,,,
AAPL.P.XNAS,XNAS,2025-09-16 13:37:21.500,T00000422,422,194.53,7,S,,,
AAPL.P.XNAS,XNAS,2025-09-16 13:37:21.900,T00000423,423,193.87,25,B,,,
AAPL.P.XNAS,XNAS,2025-09-16 13:37:22.000,T00000424,424,193.28,24,B,,,
AAPL.P.XNAS,XNAS,2025-09-16 13:37:22.500,T00000425,425,195.85,11,S,,,
AAPL.P.XNAS,XNAS,2025-09-16 13:37:22.900,T00000426,426,194.28,25,S,,,
AAPL.P.XNAS,XNAS,2025-09-16 13:37:23.500,T00000427,427,193.81,12,B,,,
AAPL.P.XNAS,XNAS,2025-09-16 13:37:24.200,T00000428,428,191.83,24,S,,,
AAPL.P.XNAS,XNAS,2025-09-16 13:37:25.000,T00000429,429,188.06,25,S,,,
AAPL.P.XNAS,XNAS,2025-09-16 13:37:25.200,T00000430,430,189.17000000000002,105,B,,,
AAPL.P.XNAS,XNAS,2025-09-16 13:37:28.300,T00000431,431,186.78,23,S,,,
AAPL.P.XNAS,XNAS,2025-09-16 13:37:28.400,T00000432,432,186.1,27,B,,,
AAPL.P.XNAS,XNAS,2025-09-16 13:37:28.700,T00000433,433,183.05,20,B,,,
AAPL.P.XNAS,XNAS,2025-09-16 13:37:30.100,T00000434,434,183.65,12,B,,,
AAPL.P.XNAS,XNAS,2025-09-16 13:37:30.700,T00000435,435,187.62,27,B,,,
AAPL.P.XNAS,XNAS,2025-09-16 13:37:34.100,T00000436,436,185.82,19,S,,,
AAPL.P.XNAS,XNAS,2025-09-16 13:37:34.700,T00000437,437,186.86,44,B,,,
AAPL.P.XNAS,XNAS,2025-09-16 13:37:36.300,T00000438,438,184.93,16,B,,,
AAPL.P.XNAS,XNAS,2025-09-16 13:37:36.400,T00000439,439,183.77,26,S,,,
AAPL.P.XNAS,XNAS,2025-09-16 13:37:36.700,T00000440,440,183.56,17,B,,,
AAPL.P.XNAS,XNAS,2025-09-16 13:37:37.800,T00000441,441,181.1,28,S,,,
AAPL.P.XNAS,XNAS,2025-09-16 13:37:38.400,T00000442,442,182.76000000000002,13,S,,,
AAPL.P.XNAS,XNAS,2025-09-16 13:37:39.300,T00000443,443,181.02,10,S,,,
AAPL.P.XNAS,XNAS,2025-09-16 13:37:39.900,T00000444,444,179.92000000000002,20,S,,,
AAPL.P.XNAS,XNAS,2025-09-16 13:37:40.400,T00000445,445,182.03,14,S,,,
AAPL.P.XNAS,XNAS,2025-09-16 13:37:41.200,T00000446,446,176.42000000000002,24,S,,,
AAPL.P.XNAS,XNAS,2025-09-16 13:37:41.500,T00000447,447,174.93,12,S,,,
AAPL.P.XNAS,XNAS,2025-09-16 13:37:41.800,T00000448,448,175.42000000000002,10,S,,,
AAPL.P.XNAS,XNAS,2025-09-16 13:37:43.600,T00000449,449,174.4,18,B,,,
AAPL.P.XNAS,XNAS,2025-09-16 13:37:44.500,T00000450,450,172.21,8,S,,,
AAPL.P.XNAS,XNAS,2025-09-16 13:37:44.900,T00000451,451,172.88,30,B,,,
AAPL.P.XNAS,XNAS,2025-09-16 13:37:45.100,T00000452,452,173.83,23,B,,,
AAPL.P.XNAS,XNAS,2025-09-16 13:37:46.100,T00000453,453,171.95000000000002,36,S,,,
AAPL.P.XNAS,XNAS,2025-09-16 13:37:46.400,T00000454,454,173.47,20,B,,,
AAPL.P.XNAS,XNAS,2025-09-16 13:37:48.900,T00000455,455,180.47,15,B,,,
AAPL.P.XNAS,XNAS,2025-09-16 13:37:50.200,T00000456,456,176.75,8,B,,,
AAPL.P.XNAS,XNAS,2025-09-16 13:37:50.800,T00000457,457,176.01,11,S,,,
AAPL.P.XNAS,XNAS,2025-09-16 13:37:51.800,T00000458,458,170.96,15,B,,,
AAPL.P.XNAS,XNAS,2025-09-16 13:37:51.900,T00000459,459,170.54,12,B,,,
AAPL.P.XNAS,XNAS,2025-09-16 13:37:52.000,T00000460,460,168.87,11,S,,,
AAPL.P.XNAS,XNAS,2025-09-16 13:37:54.600,T00000461,461,168.95,98,B,,,
AAPL.P.XNAS,XNAS,2025-09-16 13:37:55.900,T00000462,462,173.11,12,B,,,
AAPL.P.XNAS,XNAS,2025-09-16 13:37:57.300,T00000463,463,174.05,27,S,,,
AAPL.P.XNAS,XNAS,2025-09-16 13:37:58.000,T00000464,464,176.77,13,S,,,
AAPL.P.XNAS,XNAS,2025-09-16 13:37:59.000,T00000465,465,174.57,18,B,,,
AAPL.P.XNAS,XNAS,2025-09-16 13:37:59.500,T00000466,466,174.36,78,S,,,
AAPL.P.XNAS,XNAS,2025-09-16 13:38:00.100,T00000467,467,172.02,11,B,,,
AAPL.P.XNAS,XNAS,2025-09-16 13:38:02.400,T00000468,468,183.25,29,S,,,
AAPL.P.XNAS,XNAS,2025-09-16 13:38:03.200,T00000469,469,181.79,21,B,,,
AAPL.P.XNAS,XNAS,2025-09-16 13:38:04.200,T00000470,470,179.69,16,S,,,
AAPL.P.XNAS,XNAS,2025-09-16 13:38:05.400,T00000471,471,180.13,77,B,,,
AAPL.P.XNAS,XNAS,2025-09-16 13:38:06.500,T00000472,472,186.18,29,S,,,
AAPL.P.XNAS,XNAS,2025-09-16 13:38:07.300,T00000473,473,187.01,15,S,,,
AAPL.P.XNAS,XNAS,2025-09-16 13:38:09.400,T00000474,474,180.76,8,B,,,
AAPL.P.XNAS,XNAS,2025-09-16 13:38:11.300,T00000475,475,183.29,12,B,,,
AAPL.P.XNAS,XNAS,2025-09-16 13:38:11.700,T00000476,476,186.19,33,S,,,
AAPL.P.XNAS,XNAS,2025-09-16 13:38:13.900,T00000477,477,186.85,11,S,,,
AAPL.P.XNAS,XNAS,2025-09-16 13:38:14.700,T00000478,478,187.14000000000001,17,B,,,
AAPL.P.XNAS,XNAS,2025-09-16 13:38:15.000,T00000479,479,185.83,26,B,,,
AAPL.P.XNAS,XNAS,2025-09-16 13:38:15.300,T00000480,480,186.72,12,B,,,
AAPL.P.XNAS,XNAS,2025-09-16 13:38:16.300,T00000481,481,188.93,30,S,,,
AAPL.P.XNAS,XNAS,2025-09-16 13:38:16.600,T00000482,482,188.91,14,B,,,
AAPL.P.XNAS,XNAS,2025-09-16 13:38:16.700,T00000483,483,187.61,52,S,,,
AAPL.P.XNAS,XNAS,2025-09-16 13:38:18.600,T00000484,484,186.45000000000002,21,S,,,
AAPL.P.XNAS,XNAS,2025-09-16 13:38:19.800,T00000485,485,184.38,97,S,,,
AAPL.P.XNAS,XNAS,2025-09-16 13:38:20.000,T00000486,486,184.51,21,B,,,
AAPL.P.XNAS,XNAS,2025-09-16 13:38:20.200,T00000487,487,185.47,15,S,,,
AAPL.P.XNAS,XNAS,2025-09-16 13:38:20.400,T00000488,488,185.5,20,B,,,
AAPL.P.XNAS,XNAS,2025-09-16 13:38:21.600,T00000489,489,182.81,31,S,,,
AAPL.P.XNAS,XNAS,2025-09-16 13:38:22.000,T00000490,490,182.45000000000002,14,S,,,
AAPL.P.XNAS,XNAS,2025-09-16 13:38:22.900,T00000491,491,182.68,24,B,,,
AAPL.P.XNAS,XNAS,2025-09-16 13:38:24.800,T00000492,492,178.32,18,S,,,
AAPL.P.XNAS,XNAS,2025-09-16 13:38:27.100,T00000493,493,184.36,16,S,,,
AAPL.P.XNAS,XNAS,2025-09-16 13:38:27.300,T00000494,494,181.70000000000002,13,S,,,
AAPL.P.XNAS,XNAS,2025-09-16 13:38:28.000,T00000495,495,183.27,13,S,,,
AAPL.P.XNAS,XNAS,2025-09-16 13:38:28.400,T00000496,496,181.84,10,B,,,
AAPL.P.XNAS,XNAS,2025-09-16 13:38:29.700,T00000497,497,180.03,35,B,,,
AAPL.P.XNAS,XNAS,2025-09-16 13:38:30.400,T00000498,498,177.83,23,B,,,
AAPL.P.XNAS,XNAS,2025-09-16 13:38:32.600,T00000499,499,180.47,15,B,,,
AAPL.P.XNAS,XNAS,2025-09-16 13:38:32.700,T00000500,500,180.83,9,B,,,
AAPL.P.XNAS,XNAS,2025-09-16 13:38:36.200,T00000501,501,179.83,17,S,,,
AAPL.P.XNAS,XNAS,2025-09-16 13:38:37.900,T00000502,502,185.42000000000002,28,B,,,
AAPL.P.XNAS,XNAS,2025-09-16 13:38:39.200,T00000503,503,186.99,12,S,,,
AAPL.P.XNAS,XNAS,2025-09-16 13:38:40.700,T00000504,504,187.79,15,S,,,
AAPL.P.XNAS,XNAS,2025-09-16 13:38:40.900,T00000505,505,186.76999999999998,12,B,,,
AAPL.P.XNAS,XNAS,2025-09-16 13:38:42.300,T00000506,506,185.14000000000001,30,B,,,
AAPL.P.XNAS,XNAS,2025-09-16 13:38:44.300,T00000507,507,187.51,12,S,,,
AAPL.P.XNAS,XNAS,2025-09-16 13:38:46.300,T00000508,508,188.84,50,B,,,
AAPL.P.XNAS,XNAS,2025-09-16 13:38:47.200,T00000509,509,189.22,45,B,,,
AAPL.P.XNAS,XNAS,2025-09-16 13:38:47.700,T00000510,510,188.76,14,B,,,
AAPL.P.XNAS,XNAS,2025-09-16 13:38:49.300,T00000511,511,185.9,23,S,,,
AAPL.P.XNAS,XNAS,2025-09-16 13:38:49.600,T00000512,512,186.96,44,B,,,
AAPL.P.XNAS,XNAS,2025-09-16 13:38:50.200,T00000513,513,185.06,21,B,,,
AAPL.P.XNAS,XNAS,2025-09-16 13:38:50.400,T00000514,514,184.14000000000001,47,S,,,
AAPL.P.XNAS,XNAS,2025-09-16 13:38:52.500,T00000515,515,186.57000000000002,14,S,,,
AAPL.P.XNAS,XNAS,2025-09-16 13:38:53.200,T00000516,516,187.44000000000003,14,S,,,
AAPL.P.XNAS,XNAS,2025-09-16 13:38:55.000,T00000517,517,180.6,10,S,,,
AAPL.P.XNAS,XNAS,2025-09-16 13:38:56.300,T00000518,518,183.35,10,S,,,
AAPL.P.XNAS,XNAS,2025-09-16 13:38:57.000,T00000519,519,184.81,4,S,,,
AAPL.P.XNAS,XNAS,2025-09-16 13:38:58.100,T00000520,520,181.58,17,S,,,
AAPL.P.XNAS,XNAS,2025-09-16 13:38:58.800,T00000521,521,184.38,37,B,,,
AAPL.P.XNAS,XNAS,2025-09-16 13:38:59.200,T00000522,522,182.6,49,S,,,
AAPL.P.XNAS,XNAS,2025-09-16 13:38:59.600,T00000523,523,180.65,11,S,,,
AAPL.P.XNAS,XNAS,2025-09-16 13:39:00.300,T00000524,524,181.33,6,B,,,
AAPL.P.XNAS,XNAS,2025-09-16 13:39:00.900,T00000525,525,181.09,31,S,,,
AAPL.P.XNAS,XNAS,2025-09-16 13:39:01.600,T00000526,526,180.64000000000001,11,S,,,
AAPL.P.XNAS,XNAS,2025-09-16 13:39:01.900,T00000527,527,180.52,19,B,,,
AAPL.P.XNAS,XNAS,2025-09-16 13:39:02.900,T00000528,528,179.72,52,S,,,
AAPL.P.XNAS,XNAS,2025-09-16 13:39:03.900,T00000529,529,177.88,21,B,,,
AAPL.P.XNAS,XNAS,2025-09-16 13:39:04.200,T00000530,530,178.83,27,S,,,
AAPL.P.XNAS,XNAS,2025-09-16 13:39:04.400,T00000531,531,178.76,14,S,,,
AAPL.P.XNAS,XNAS,2025-09-16 13:39:04.800,T00000532,532,179.09,52,B,,,
AAPL.P.XNAS,XNAS,2025-09-16 13:39:04.900,T00000533,533,180.32,16,B,,,
AAPL.P.XNAS,XNAS,2025-09-16 13:39:05.100,T00000534,534,176.87,37,S,,,
AAPL.P.XNAS,XNAS,2025-09-16 13:39:05.200,T00000535,535,177.93,17,S,,,
AAPL.P.XNAS,XNAS,2025-09-16 13:39:06.600,T00000536,536,184.67000000000002,14,B,,,
AAPL.P.XNAS,XNAS,2025-09-16 13:39:06.700,T00000537,537,183.67000000000002,12,S,,,
AAPL.P.XNAS,XNAS,2025-09-16 13:39:06.800,T00000538,538,184.97,60,S,,,
AAPL.P.XNAS,XNAS,2025-09-16 13:39:07.000,T00000539,539,182.65,10,S,,,
AAPL.P.XNAS,XNAS,2025-09-16 13:39:07.200,T00000540,540,183.94,12,B,,,
AAPL.P.XNAS,XNAS,2025-09-16 13:39:07.600,T00000541,541,179.88,43,S,,,
AAPL.P.XNAS,XNAS,2025-09-16 13:39:07.900,T00000542,542,178.83,1,S,,,
AAPL.P.XNAS,XNAS,2025-09-16 13:39:11.500,T00000543,543,181.18,23,B,,,
AAPL.P.XNAS,XNAS,2025-09-16 13:39:12.400,T00000544,544,180.96,28,B,,,
AAPL.P.XNAS,XNAS,2025-09-16 13:39:12.700,T00000545,545,180.58,23,S,,,
AAPL.P.XNAS,XNAS,2025-09-16 13:39:13.400,T00000546,546,176.22,20,S,,,
AAPL.P.XNAS,XNAS,2025-09-16 13:39:14.600,T00000547,547,178.51,10,B,,,
AAPL.P.XNAS,XNAS,2025-09-16 13:39:14.900,T00000548,548,180.26,5,B,,,
AAPL.P.XNAS,XNAS,2025-09-16 13:39:15.700,T00000549,549,177.36,27,S,,,
AAPL.P.XNAS,XNAS,2025-09-16 13:39:15.900,T00000550,550,176.92,20,B,,,
AAPL.P.XNAS,XNAS,2025-09-16 13:39:17.400,T00000551,551,178.47,13,S,,,
AAPL.P.XNAS,XNAS,2025-09-16 13:39:19.000,T00000552,552,180.32,30,B,,,
AAPL.P.XNAS,XNAS,2025-09-16 13:39:19.900,T00000553,553,180.32000000000002,58,S,,,
AAPL.P.XNAS,XNAS,2025-09-16 13:39:21.400,T00000554,554,181.5,16,B,,,
AAPL.P.XNAS,XNAS,2025-09-16 13:39:21.500,T00000555,555,179.59,34,B,,,
AAPL.P.XNAS,XNAS,2025-09-16 13:39:23.000,T00000556,556,179.51,182,B,,,
AAPL.P.XNAS,XNAS,2025-09-16 13:39:23.800,T00000557,557,177.36,11,S,,,
AAPL.P.XNAS,XNAS,2025-09-16 13:39:25.900,T00000558,558,179.95000000000002,31,S,,,
AAPL.P.XNAS,XNAS,2025-09-16 13:39:26.000,T00000559,559,180.1,58,S,,,
AAPL.P.XNAS,XNAS,2025-09-16 13:39:29.700,T00000560,560,188.81,12,S,,,
AAPL.P.XNAS,XNAS,2025-09-16 13:39:31.500,T00000561,561,187.39000000000001,27,B,,,
AAPL.P.XNAS,XNAS,2025-09-16 13:39:31.900,T00000562,562,187.20000000000002,13,S,,,
AAPL.P.XNAS,XNAS,2025-09-16 13:39:32.000,T00000563,563,188.33,6,B,,,
AAPL.P.XNAS,XNAS,2025-09-16 13:39:33.200,T00000564,564,190.85,10,B,,,
AAPL.P.XNAS,XNAS,2025-09-16 13:39:33.600,T00000565,565,188.95000000000002,13,S,,,
AAPL.P.XNAS,XNAS,2025-09-16 13:39:34.900,T00000566,566,188.84,46,B,,,
AAPL.P.XNAS,XNAS,2025-09-16 13:39:35.100,T00000567,567,189.91,31,S,,,
AAPL.P.XNAS,XNAS,2025-09-16 13:39:35.300,T00000568,568,189.57,43,S,,,
AAPL.P.XNAS,XNAS,2025-09-16 13:39:36.200,T00000569,569,187.74,11,S,,,
AAPL.P.XNAS,XNAS,2025-09-16 13:39:36.900,T00000570,570,185.47,11,B,,,
AAPL.P.XNAS,XNAS,2025-09-16 13:39:37.100,T00000571,571,184.42000000000002,11,S,,,
AAPL.P.XNAS,XNAS,2025-09-16 13:39:38.300,T00000572,572,183.64000000000001,90,S,,,
AAPL.P.XNAS,XNAS,2025-09-16 13:39:38.500,T00000573,573,184.28,14,S,,,
AAPL.P.XNAS,XNAS,2025-09-16 13:39:38.600,T00000574,574,184.23,44,B,,,
AAPL.P.XNAS,XNAS,2025-09-16 13:39:38.700,T00000575,575,185.3,16,S,,,
AAPL.P.XNAS,XNAS,2025-09-16 13:39:40.100,T00000576,576,180.96,28,S,,,
AAPL.P.XNAS,XNAS,2025-09-16 13:39:40.200,T00000577,577,179.98,14,S,,,
AAPL.P.XNAS,XNAS,2025-09-16 13:39:41.500,T00000578,578,182.29,12,B,,,
AAPL.P.XNAS,XNAS,2025-09-16 13:39:44.700,T00000579,579,179.26,16,S,,,
AAPL.P.XNAS,XNAS,2025-09-16 13:39:44.800,T00000580,580,178.12,59,S,,,
AAPL.P.XNAS,XNAS,2025-09-16 13:39:47.000,T00000581,581,180.5,12,B,,,
AAPL.P.XNAS,XNAS,2025-09-16 13:39:49.600,T00000582,582,179.39000000000001,29,S,,,
AAPL.P.XNAS,XNAS,2025-09-16 13:39:52.400,T00000583,583,182.92000000000002,37,S,,,
AAPL.P.XNAS,XNAS,2025-09-16 13:39:53.200,T00000584,584,183.44,31,B,,,
AAPL.P.XNAS,XNAS,2025-09-16 13:39:53.300,T00000585,585,183.54,77,B,,,
AAPL.P.XNAS,XNAS,2025-09-16 13:39:55.600,T00000586,586,182.33,12,S,,,
AAPL.P.XNAS,XNAS,2025-09-16 13:39:56.400,T00000587,587,181.91,35,B,,,
AAPL.P.XNAS,XNAS,2025-09-16 13:39:57.600,T00000588,588,180.8,6,B,,,
AAPL.P.XNAS,XNAS,2025-09-16 13:39:58.200,T00000589,589,183.13,32,B,,,
AAPL.P.XNAS,XNAS,2025-09-16 13:40:00.200,T00000590,590,185.46,31,S,,,
AAPL.P.XNAS,XNAS,2025-09-16 13:40:01.500,T00000591,591,183.79,14,S,,,
AAPL.P.XNAS,XNAS,2025-09-16 13:40:03.700,T00000592,592,185.89000000000001,33,B,,,
AAPL.P.XNAS,XNAS,2025-09-16 13:40:04.000,T00000593,593,183.3,16,B,,,
AAPL.P.XNAS,XNAS,2025-09-16 13:40:04.600,T00000594,594,182.77,12,S,,,
AAPL.P.XNAS,XNAS,2025-09-16 13:40:05.200,T00000595,595,182.07,34,S,,,
AAPL.P.XNAS,XNAS,2025-09-16 13:40:05.400,T00000596,596,184.67000000000002,14,B,,,
AAPL.P.XNAS,XNAS,2025-09-16 13:40:05.600,T00000597,597,185.02,50,B,,,
AAPL.P.XNAS,XNAS,2025-09-16 13:40:07.100,T00000598,598,191.14000000000001,11,S,,,
AAPL.P.XNAS,XNAS,2025-09-16 13:40:07.200,T00000599,599,190.97,20,B,,,
AAPL.P.XNAS,XNAS,2025-09-16 13:40:07.800,T00000600,600,191.05,13,S,,,
AAPL.P.XNAS,XNAS,2025-09-16 13:40:08.600,T00000601,601,190.1,16,S,,,
AAPL.P.XNAS,XNAS,2025-09-16 13:40:09.000,T00000602,602,188.81,57,S,,,
AAPL.P.XNAS,XNAS,2025-09-16 13:40:09.400,T00000603,603,187.8,24,B,,,
AAPL.P.XNAS,XNAS,2025-09-16 13:40:10.400,T00000604,604,183.63,21,B,,,
AAPL.P.XNAS,XNAS,2025-09-16 13:40:11.300,T00000605,605,180.96,11,S,,,
AAPL.P.XNAS,XNAS,2025-09-16 13:40:12.500,T00000606,606,179.27,11,S,,,
AAPL.P.XNAS,XNAS,2025-09-16 13:40:12.700,T00000607,607,177.57,40,S,,,
AAPL.P.XNAS,XNAS,2025-09-16 13:40:13.100,T00000608,608,175.19,43,S,,,
AAPL.P.XNAS,XNAS,2025-09-16 13:40:13.900,T00000609,609,175.56,10,B,,,
AAPL.P.XNAS,XNAS,2025-09-16 13:40:15.100,T00000610,610,180.96,18,B,,,
AAPL.P.XNAS,XNAS,2025-09-16 13:40:16.500,T00000611,611,179.83,61,S,,,
AAPL.P.XNAS,XNAS,2025-09-16 13:40:18.300,T00000612,612,179.4,46,B,,,
AAPL.P.XNAS,XNAS,2025-09-16 13:40:21.500,T00000613,613,178.68,14,S,,,
AAPL.P.XNAS,XNAS,2025-09-16 13:40:22.000,T00000614,614,178.92,48,B,,,
AAPL.P.XNAS,XNAS,2025-09-16 13:40:23.600,T00000615,615,179.82999999999998,52,B,,,
AAPL.P.XNAS,XNAS,2025-09-16 13:40:24.600,T00000616,616,180.20000000000002,14,S,,,
AAPL.P.XNAS,XNAS,2025-09-16 13:40:26.700,T00000617,617,176.99,11,B,,,
AAPL.P.XNAS,XNAS,2025-09-16 13:40:27.800,T00000618,618,179.41,17,B,,,
AAPL.P.XNAS,XNAS,2025-09-16 13:40:28.100,T00000619,619,175.12,27,S,,,
AAPL.P.XNAS,XNAS,2025-09-16 13:40:30.200,T00000620,620,177.62,18,S,,,
AAPL.P.XNAS,XNAS,2025-09-16 13:40:30.600,T00000621,621,173.99,57,B,,,
AAPL.P.XNAS,XNAS,2025-09-16 13:40:31.600,T00000622,622,170.61,11,S,,,
AAPL.P.XNAS,XNAS,2025-09-16 13:40:33.000,T00000623,623,173.4,19,B,,,
AAPL.P.XNAS,XNAS,2025-09-16 13:40:33.200,T00000624,624,174.39000000000001,12,S,,,
AAPL.P.XNAS,XNAS,2025-09-16 13:40:34.000,T00000625,625,171.78,13,B,,,
AAPL.P.XNAS,XNAS,2025-09-16 13:40:34.600,T00000626,626,171.46,9,S,,,
AAPL.P.XNAS,XNAS,2025-09-16 13:40:35.100,T00000627,627,171.88,48,S,,,
AAPL.P.XNAS,XNAS,2025-09-16 13:40:35.200,T00000628,628,172.6,17,B,,,
AAPL.P.XNAS,XNAS,2025-09-16 13:40:36.000,T00000629,629,175.9,31,B,,,
AAPL.P.XNAS,XNAS,2025-09-16 13:40:37.300,T00000630,630,175.33,12,S,,,
AAPL.P.XNAS,XNAS,2025-09-16 13:40:38.400,T00000631,631,179.8,11,B,,,
AAPL.P.XNAS,XNAS,2025-09-16 13:40:38.900,T00000632,632,180.98,16,S,,,
AAPL.P.XNAS,XNAS,2025-09-16 13:40:39.900,T00000633,633,182.6,27,S,,,
AAPL.P.XNAS,XNAS,2025-09-16 13:40:40.000,T00000634,634,182.75,17,B,,,
AAPL.P.XNAS,XNAS,2025-09-16 13:40:40.800,T00000635,635,177.07,89,S,,,
AAPL.P.XNAS,XNAS,2025-09-16 13:40:42.400,T00000636,636,177.25,13,S,,,
AAPL.P.XNAS,XNAS,2025-09-16 13:40:42.900,T00000637,637,179.6,19,S,,,
AAPL.P.XNAS,XNAS,2025-09-16 13:40:43.500,T00000638,638,181.89000000000001,13,B,,,
AAPL.P.XNAS,XNAS,2025-09-16 13:40:44.300,T00000639,639,183.71,39,B,,,
AAPL.P.XNAS,XNAS,2025-09-16 13:40:46.100,T00000640,640,189.27,44,S,,,
AAPL.P.XNAS,XNAS,2025-09-16 13:40:47.200,T00000641,641,188.94,29,B,,,
AAPL.P.XNAS,XNAS,2025-09-16 13:40:49.300,T00000642,642,186.69,31,S,,,
AAPL.P.XNAS,XNAS,2025-09-16 13:40:50.600,T00000643,643,180.94,45,B,,,
AAPL.P.XNAS,XNAS,2025-09-16 13:40:50.700,T00000644,644,179.01,84,B,,,
AAPL.P.XNAS,XNAS,2025-09-16 13:40:50.900,T00000645,645,178.25,14,S,,,
AAPL.P.XNAS,XNAS,2025-09-16 13:40:51.700,T00000646,646,175.12,13,S,,,
AAPL.P.XNAS,XNAS,2025-09-16 13:40:52.600,T00000647,647,172.68,14,B,,,
AAPL.P.XNAS,XNAS,2025-09-16 13:40:53.100,T00000648,648,173.65,1,B,,,
AAPL.P.XNAS,XNAS,2025-09-16 13:40:53.400,T00000649,649,174.68,64,S,,,
AAPL.P.XNAS,XNAS,2025-09-16 13:40:54.600,T00000650,650,174.58,17,S,,,
AAPL.P.XNAS,XNAS,2025-09-16 13:40:55.100,T00000651,651,172.93,13,S,,,
AAPL.P.XNAS,XNAS,2025-09-16 13:40:55.200,T00000652,652,173.12,25,B,,,
AAPL.P.XNAS,XNAS,2025-09-16 13:40:55.900,T00000653,653,177.61,17,B,,,
AAPL.P.XNAS,XNAS,2025-09-16 13:40:56.200,T00000654,654,176.0,18,S,,,
AAPL.P.XNAS,XNAS,2025-09-16 13:40:56.300,T00000655,655,176.88,10,S,,,
AAPL.P.XNAS,XNAS,2025-09-16 13:40:57.200,T00000656,656,177.5,33,B,,,
AAPL.P.XNAS,XNAS,2025-09-16 13:40:59.700,T00000657,657,182.23,12,B,,,
AAPL.P.XNAS,XNAS,2025-09-16 13:40:59.800,T00000658,658,182.26,26,B,,,
AAPL.P.XNAS,XNAS,2025-09-16 13:41:00.100,T00000659,659,182.57,14,S,,,
AAPL.P.XNAS,XNAS,2025-09-16 13:41:02.100,T00000660,660,186.91,20,B,,,
AAPL.P.XNAS,XNAS,2025-09-16 13:41:02.200,T00000661,661,185.45000000000002,10,S,,,
AAPL.P.XNAS,XNAS,2025-09-16 13:41:03.000,T00000662,662,185.74,12,S,,,
AAPL.P.XNAS,XNAS,2025-09-16 13:41:03.700,T00000663,663,182.47,8,B,,,
AAPL.P.XNAS,XNAS,2025-09-16 13:41:03.800,T00000664,664,182.61,19,S,,,
AAPL.P.XNAS,XNAS,2025-09-16 13:41:04.800,T00000665,665,180.39000000000001,16,B,,,
AAPL.P.XNAS,XNAS,2025-09-16 13:41:06.300,T00000666,666,176.41,64,B,,,
AAPL.P.XNAS,XNAS,2025-09-16 13:41:06.500,T00000667,667,177.51,18,B,,,
AAPL.P.XNAS,XNAS,2025-09-16 13:41:07.200,T00000668,668,177.21,35,B,,,
AAPL.P.XNAS,XNAS,2025-09-16 13:41:08.100,T00000669,669,179.29999999999998,13,B,,,
AAPL.P.XNAS,XNAS,2025-09-16 13:41:08.700,T00000670,670,177.13,21,B,,,
AAPL.P.XNAS,XNAS,2025-09-16 13:41:09.000,T00000671,671,179.73,50,S,,,
AAPL.P.XNAS,XNAS,2025-09-16 13:41:09.100,T00000672,672,180.11,17,S,,,
AAPL.P.XNAS,XNAS,2025-09-16 13:41:09.400,T00000673,673,179.48,14,S,,,
AAPL.P.XNAS,XNAS,2025-09-16 13:41:09.500,T00000674,674,179.84,13,B,,,
AAPL.P.XNAS,XNAS,2025-09-16 13:41:09.800,T00000675,675,179.3,21,B,,,
AAPL.P.XNAS,XNAS,2025-09-16 13:41:11.200,T00000676,676,178.65,5,B,,,
AAPL.P.XNAS,XNAS,2025-09-16 13:41:11.800,T00000677,677,177.48000000000002,60,S,,,
AAPL.P.XNAS,XNAS,2025-09-16 13:41:12.600,T00000678,678,176.39000000000001,13,S,,,
AAPL.P.XNAS,XNAS,2025-09-16 13:41:12.900,T00000679,679,176.78,3,B,,,
AAPL.P.XNAS,XNAS,2025-09-16 13:41:15.100,T00000680,680,183.12,10,S,,,
AAPL.P.XNAS,XNAS,2025-09-16 13:41:15.500,T00000681,681,183.1,37,B,,,
AAPL.P.XNAS,XNAS,2025-09-16 13:41:15.900,T00000682,682,181.75,17,S,,,
AAPL.P.XNAS,XNAS,2025-09-16 13:41:17.700,T00000683,683,179.68,43,B,,,
AAPL.P.XNAS,XNAS,2025-09-16 13:41:18.200,T00000684,684,178.39000000000001,10,S,,,
AAPL.P.XNAS,XNAS,2025-09-16 13:41:19.900,T00000685,685,173.92000000000002,21,S,,,
AAPL.P.XNAS,XNAS,2025-09-16 13:41:20.500,T00000686,686,174.06,10,B,,,
AAPL.P.XNAS,XNAS,2025-09-16 13:41:21.400,T00000687,687,175.45000000000002,8,B,,,
AAPL.P.XNAS,XNAS,2025-09-16 13:41:21.600,T00000688,688,177.1,21,B,,,
AAPL.P.XNAS,XNAS,2025-09-16 13:41:21.900,T00000689,689,176.56,14,S,,,
AAPL.P.XNAS,XNAS,2025-09-16 13:41:22.200,T00000690,690,177.49,32,B,,,
AAPL.P.XNAS,XNAS,2025-09-16 13:41:25.600,T00000691,691,176.89000000000001,27,B,,,
AAPL.P.XNAS,XNAS,2025-09-16 13:41:26.600,T00000692,692,179.18,11,B,,,
AAPL.P.XNAS,XNAS,2025-09-16 13:41:28.500,T00000693,693,181.41,35,S,,,
AAPL.P.XNAS,XNAS,2025-09-16 13:41:29.100,T00000694,694,180.06,11,S,,,
AAPL.P.XNAS,XNAS,2025-09-16 13:41:29.400,T00000695,695,181.1,12,B,,,
AAPL.P.XNAS,XNAS,2025-09-16 13:41:31.200,T00000696,696,180.93,13,S,,,
AAPL.P.XNAS,XNAS,2025-09-16 13:41:32.700,T00000697,697,179.91,20,B,,,
AAPL.P.XNAS,XNAS,2025-09-16 13:41:33.400,T00000698,698,181.04,29,B,,,
AAPL.P.XNAS,XNAS,2025-09-16 13:41:33.500,T00000699,699,180.32,22,S,,,
AAPL.P.XNAS,XNAS,2025-09-16 13:41:35.000,T00000700,700,181.84,30,B,,,
AAPL.P.XNAS,XNAS,2025-09-16 13:41:35.400,T00000701,701,182.15,11,B,,,
AAPL.P.XNAS,XNAS,2025-09-16 13:41:35.700,T00000702,702,182.64000000000001,11,S,,,
AAPL.P.XNAS,XNAS,2025-09-16 13:41:35.800,T00000703,703,183.20000000000002,12,B,,,
AAPL.P.XNAS,XNAS,2025-09-16 13:41:35.900,T00000704,704,183.23,14,B,,,
AAPL.P.XNAS,XNAS,2025-09-16 13:41:36.200,T00000705,705,182.02,11,B,,,
AAPL.P.XNAS,XNAS,2025-09-16 13:41:36.500,T00000706,706,179.78,23,S,,,
AAPL.P.XNAS,XNAS,2025-09-16 13:41:36.700,T00000707,707,179.42000000000002,36,S,,,
AAPL.P.XNAS,XNAS,2025-09-16 13:41:38.400,T00000708,708,182.54,12,B,,,
AAPL.P.XNAS,XNAS,2025-09-16 13:41:40.200,T00000709,709,181.88,16,B,,,
AAPL.P.XNAS,XNAS,2025-09-16 13:41:40.600,T00000710,710,182.61,29,B,,,
AAPL.P.XNAS,XNAS,2025-09-16 13:41:41.000,T00000711,711,180.98,11,S,,,
AAPL.P.XNAS,XNAS,2025-09-16 13:41:42.700,T00000712,712,186.21,20,S,,,
AAPL.P.XNAS,XNAS,2025-09-16 13:41:43.800,T00000713,713,185.92000000000002,77,B,,,
AAPL.P.XNAS,XNAS,2025-09-16 13:41:44.700,T00000714,714,184.13,12,B,,,
AAPL.P.XNAS,XNAS,2025-09-16 13:41:45.400,T00000715,715,183.26,61,S,,,
AAPL.P.XNAS,XNAS,2025-09-16 13:41:45.900,T00000716,716,186.53,13,B,,,
AAPL.P.XNAS,XNAS,2025-09-16 13:41:48.500,T00000717,717,182.35,15,B,,,
AAPL.P.XNAS,XNAS,2025-09-16 13:41:49.400,T00000718,718,182.08,19,S,,,
AAPL.P.XNAS,XNAS,2025-09-16 13:41:50.800,T00000719,719,180.72,13,B,,,
AAPL.P.XNAS,XNAS,2025-09-16 13:41:52.200,T00000720,720,180.41,36,B,,,
AAPL.P.XNAS,XNAS,2025-09-16 13:41:54.800,T00000721,721,178.81,18,B,,,
AAPL.P.XNAS,XNAS,2025-09-16 13:41:54.900,T00000722,722,179.39,18,B,,,
AAPL.P.XNAS,XNAS,2025-09-16 13:41:56.100,T00000723,723,175.31,12,B,,,
AAPL.P.XNAS,XNAS,2025-09-16 13:41:58.200,T00000724,724,181.25,140,B,,,
AAPL.P.XNAS,XNAS,2025-09-16 13:41:58.800,T00000725,725,181.48,16,S,,,
AAPL.P.XNAS,XNAS,2025-09-16 13:41:59.300,T00000726,726,181.69,10,B,,,
AAPL.P.XNAS,XNAS,2025-09-16 13:42:00.000,T00000727,727,181.53,7,S,,,
AAPL.P.XNAS,XNAS,2025-09-16 13:42:00.400,T00000728,728,183.88,58,B,,,
AAPL.P.XNAS,XNAS,2025-09-16 13:42:00.500,T00000729,729,185.36,19,B,,,
AAPL.P.XNAS,XNAS,2025-09-16 13:42:01.100,T00000730,730,181.88,32,S,,,
AAPL.P.XNAS,XNAS,2025-09-16 13:42:02.300,T00000731,731,184.21,15,S,,,
AAPL.P.XNAS,XNAS,2025-09-16 13:42:02.600,T00000732,732,184.86,31,S,,,
AAPL.P.XNAS,XNAS,2025-09-16 13:42:03.400,T00000733,733,185.15,17,B,,,
AAPL.P.XNAS,XNAS,2025-09-16 13:42:03.600,T00000734,734,183.91,19,S,,,
AAPL.P.XNAS,XNAS,2025-09-16 13:42:03.800,T00000735,735,183.74,55,B,,,
AAPL.P.XNAS,XNAS,2025-09-16 13:42:04.200,T00000736,736,181.82,20,S,,,
AAPL.P.XNAS,XNAS,2025-09-16 13:42:05.400,T00000737,737,180.72,25,B,,,
AAPL.P.XNAS,XNAS,2025-09-16 13:42:06.500,T00000738,738,179.8,20,B,,,
AAPL.P.XNAS,XNAS,2025-09-16 13:42:06.900,T00000739,739,180.38,19,B,,,
AAPL.P.XNAS,XNAS,2025-09-16 13:42:07.000,T00000740,740,179.56,32,S,,,
AAPL.P.XNAS,XNAS,2025-09-16 13:42:09.100,T00000741,741,180.9,71,S,,,
AAPL.P.XNAS,XNAS,2025-09-16 13:42:12.400,T00000742,742,186.06,10,S,,,
AAPL.P.XNAS,XNAS,2025-09-16 13:42:13.700,T00000743,743,184.35,14,B,,,
AAPL.P.XNAS,XNAS,2025-09-16 13:42:14.900,T00000744,744,183.64000000000001,11,S,,,
AAPL.P.XNAS,XNAS,2025-09-16 13:42:15.000,T00000745,745,183.41,25,B,,,
AAPL.P.XNAS,XNAS,2025-09-16 13:42:15.500,T00000746,746,183.06,50,B,,,
AAPL.P.XNAS,XNAS,2025-09-16 13:42:15.800,T00000747,747,182.05,91,B,,,
AAPL.P.XNAS,XNAS,2025-09-16 13:42:16.600,T00000748,748,184.91,46,B,,,
AAPL.P.XNAS,XNAS,2025-09-16 13:42:18.200,T00000749,749,179.97,10,S,,,
AAPL.P.XNAS,XNAS,2025-09-16 13:42:19.600,T00000750,750,180.11,12,S,,,
AAPL.P.XNAS,XNAS,2025-09-16 13:42:19.900,T00000751,751,179.1,14,S,,,
AAPL.P.XNAS,XNAS,2025-09-16 13:42:20.000,T00000752,752,178.43,14,S,,,
AAPL.P.XNAS,XNAS,2025-09-16 13:42:21.700,T00000753,753,176.47,14,S,,,
AAPL.P.XNAS,XNAS,2025-09-16 13:42:22.200,T00000754,754,175.17000000000002,30,B,,,
AAPL.P.XNAS,XNAS,2025-09-16 13:42:22.300,T00000755,755,175.36,31,B,,,
AAPL.P.XNAS,XNAS,2025-09-16 13:42:22.500,T00000756,756,176.4,12,S,,,
AAPL.P.XNAS,XNAS,2025-09-16 13:42:22.700,T00000757,757,176.31,12,B,,,
AAPL.P.XNAS,XNAS,2025-09-16 13:42:23.300,T00000758,758,173.96,34,S,,,
AAPL.P.XNAS,XNAS,2025-09-16 13:42:26.400,T00000759,759,187.65,23,B,,,
AAPL.P.XNAS,XNAS,2025-09-16 13:42:27.700,T00000760,760,186.9,10,S,,,
AAPL.P.XNAS,XNAS,2025-09-16 13:42:28.900,T00000761,761,184.67000000000002,30,B,,,
AAPL.P.XNAS,XNAS,2025-09-16 13:42:31.100,T00000762,762,185.7,57,B,,,
AAPL.P.XNAS,XNAS,2025-09-16 13:42:31.400,T00000763,763,186.6,62,S,,,
AAPL.P.XNAS,XNAS,2025-09-16 13:42:32.300,T00000764,764,184.07,10,S,,,
AAPL.P.XNAS,XNAS,2025-09-16 13:42:33.100,T00000765,765,184.37,13,B,,,
AAPL.P.XNAS,XNAS,2025-09-16 13:42:33.300,T00000766,766,183.59,112,B,,,
AAPL.P.XNAS,XNAS,2025-09-16 13:42:33.600,T00000767,767,182.29,13,B,,,
AAPL.P.XNAS,XNAS,2025-09-16 13:42:34.000,T00000768,768,181.9,21,S,,,
AAPL.P.XNAS,XNAS,2025-09-16 13:42:34.600,T00000769,769,180.94,11,S,,,
AAPL.P.XNAS,XNAS,2025-09-16 13:42:36.600,T00000770,770,184.37,14,B,,,
AAPL.P.XNAS,XNAS,2025-09-16 13:42:38.200,T00000771,771,182.09,30,B,,,
AAPL.P.XNAS,XNAS,2025-09-16 13:42:38.400,T00000772,772,181.41,10,B,,,
AAPL.P.XNAS,XNAS,2025-09-16 13:42:39.900,T00000773,773,183.27,62,B,,,
AAPL.P.XNAS,XNAS,2025-09-16 13:42:40.700,T00000774,774,180.70000000000002,10,S,,,
AAPL.P.XNAS,XNAS,2025-09-16 13:42:41.100,T00000775,775,179.09,17,S,,,
AAPL.P.XNAS,XNAS,2025-09-16 13:42:41.600,T00000776,776,177.76,79,B,,,
AAPL.P.XNAS,XNAS,2025-09-16 13:42:41.800,T00000777,777,177.25,17,S,,,
AAPL.P.XNAS,XNAS,2025-09-16 13:42:42.100,T00000778,778,177.93,17,S,,,
AAPL.P.XNAS,XNAS,2025-09-16 13:42:42.300,T00000779,779,178.37,16,S,,,
AAPL.P.XNAS,XNAS,2025-09-16 13:42:42.800,T00000780,780,175.1,13,S,,,
AAPL.P.XNAS,XNAS,2025-09-16 13:42:43.400,T00000781,781,176.29,28,B,,,
AAPL.P.XNAS,XNAS,2025-09-16 13:42:44.700,T00000782,782,172.98,16,B,,,
AAPL.P.XNAS,XNAS,2025-09-16 13:42:44.800,T00000783,783,174.09,22,B,,,
AAPL.P.XNAS,XNAS,2025-09-16 13:42:45.500,T00000784,784,175.65,18,S,,,
AAPL.P.XNAS,XNAS,2025-09-16 13:42:46.600,T00000785,785,177.29000000000002,21,S,,,
AAPL.P.XNAS,XNAS,2025-09-16 13:42:48.100,T00000786,786,183.82,51,S,,,
AAPL.P.XNAS,XNAS,2025-09-16 13:42:51.600,T00000787,787,182.18,16,S,,,
AAPL.P.XNAS,XNAS,2025-09-16 13:42:52.600,T00000788,788,179.27,20,S,,,
AAPL.P.XNAS,XNAS,2025-09-16 13:42:56.700,T00000789,789,178.55,28,S,,,
AAPL.P.XNAS,XNAS,2025-09-16 13:42:57.200,T00000790,790,180.42000000000002,18,S,,,
AAPL.P.XNAS,XNAS,2025-09-16 13:42:57.700,T00000791,791,184.06,18,S,,,
AAPL.P.XNAS,XNAS,2025-09-16 13:42:58.000,T00000792,792,184.0,61,S,,,
AAPL.P.XNAS,XNAS,2025-09-16 13:42:58.300,T00000793,793,185.28,11,S,,,
AAPL.P.XNAS,XNAS,2025-09-16 13:42:59.800,T00000794,794,184.66,110,S,,,
AAPL.P.XNAS,XNAS,2025-09-16 13:43:04.900,T00000795,795,187.01,18,S,,,
AAPL.P.XNAS,XNAS,2025-09-16 13:43:05.900,T00000796,796,185.89000000000001,13,B,,,
AAPL.P.XNAS,XNAS,2025-09-16 13:43:06.100,T00000797,797,185.41,11,B,,,
AAPL.P.XNAS,XNAS,2025-09-16 13:43:09.000,T00000798,798,182.81,10,B,,,
AAPL.P.XNAS,XNAS,2025-09-16 13:43:09.500,T00000799,799,184.59,15,B,,,
AAPL.P.XNAS,XNAS,2025-09-16 13:43:09.900,T00000800,800,187.71,25,B,,,
AAPL.P.XNAS,XNAS,2025-09-16 13:43:10.100,T00000801,801,188.06,26,S,,,
AAPL.P.XNAS,XNAS,2025-09-16 13:43:10.900,T00000802,802,187.71,13,B,,,
AAPL.P.XNAS,XNAS,2025-09-16 13:43:11.600,T00000803,803,190.83,33,B,,,
AAPL.P.XNAS,XNAS,2025-09-16 13:43:13.900,T00000804,804,184.85999999999999,15,B,,,
AAPL.P.XNAS,XNAS,2025-09-16 13:43:15.400,T00000805,805,183.98,18,S,,,
AAPL.P.XNAS,XNAS,2025-09-16 13:43:15.600,T00000806,806,182.96,22,B,,,
AAPL.P.XNAS,XNAS,2025-09-16 13:43:16.000,T00000807,807,182.5,40,B,,,
AAPL.P.XNAS,XNAS,2025-09-16 13:43:17.300,T00000808,808,182.0,18,S,,,
AAPL.P.XNAS,XNAS,2025-09-16 13:43:20.000,T00000809,809,183.25,63,S,,,
AAPL.P.XNAS,XNAS,2025-09-16 13:43:20.400,T00000810,810,184.88,25,B,,,
AAPL.P.XNAS,XNAS,2025-09-16 13:43:20.800,T00000811,811,186.09,17,B,,,
AAPL.P.XNAS,XNAS,2025-09-16 13:43:22.500,T00000812,812,185.41,30,S,,,
AAPL.P.XNAS,XNAS,2025-09-16 13:43:23.300,T00000813,813,184.02,43,S,,,
AAPL.P.XNAS,XNAS,2025-09-16 13:43:23.800,T00000814,814,180.20000000000002,19,S,,,
AAPL.P.XNAS,XNAS,2025-09-16 13:43:23.900,T00000815,815,180.99,35,B,,,
AAPL.P.XNAS,XNAS,2025-09-16 13:43:24.400,T00000816,816,179.95000000000002,10,S,,,
AAPL.P.XNAS,XNAS,2025-09-16 13:43:25.200,T00000817,817,181.14000000000001,22,S,,,
AAPL.P.XNAS,XNAS,2025-09-16 13:43:25.600,T00000818,818,179.19,106,S,,,
AAPL.P.XNAS,XNAS,2025-09-16 13:43:27.500,T00000819,819,179.22,10,B,,,
AAPL.P.XNAS,XNAS,2025-09-16 13:43:28.600,T00000820,820,178.24,126,S,,,
AAPL.P.XNAS,XNAS,2025-09-16 13:43:29.100,T00000821,821,178.23,17,B,,,
AAPL.P.XNAS,XNAS,2025-09-16 13:43:30.900,T00000822,822,175.91,15,S,,,
AAPL.P.XNAS,XNAS,2025-09-16 13:43:31.500,T00000823,823,176.46,10,S,,,
AAPL.P.XNAS,XNAS,2025-09-16 13:43:35.200,T00000824,824,180.11,17,B,,,
AAPL.P.XNAS,XNAS,2025-09-16 13:43:35.300,T00000825,825,179.97,77,S,,,
AAPL.P.XNAS,XNAS,2025-09-16 13:43:37.800,T00000826,826,182.05,31,S,,,
AAPL.P.XNAS,XNAS,2025-09-16 13:43:38.700,T00000827,827,180.42000000000002,10,S,,,
AAPL.P.XNAS,XNAS,2025-09-16 13:43:38.800,T00000828,828,178.86,77,S,,,
AAPL.P.XNAS,XNAS,2025-09-16 13:43:39.300,T00000829,829,178.41,16,S,,,
AAPL.P.XNAS,XNAS,2025-09-16 13:43:42.000,T00000830,830,179.18,29,B,,,
AAPL.P.XNAS,XNAS,2025-09-16 13:43:42.600,T00000831,831,181.25,15,B,,,
AAPL.P.XNAS,XNAS,2025-09-16 13:43:42.700,T00000832,832,180.32,14,S,,,
AAPL.P.XNAS,XNAS,2025-09-16 13:43:46.900,T00000833,833,185.26,66,B,,,
AAPL.P.XNAS,XNAS,2025-09-16 13:43:47.000,T00000834,834,184.41,15,B,,,
AAPL.P.XNAS,XNAS,2025-09-16 13:43:47.400,T00000835,835,183.72,18,S,,,
AAPL.P.XNAS,XNAS,2025-09-16 13:43:47.700,T00000836,836,181.89,98,B,,,
AAPL.P.XNAS,XNAS,2025-09-16 13:43:48.100,T00000837,837,183.93,46,S,,,
AAPL.P.XNAS,XNAS,2025-09-16 13:43:49.200,T00000838,838,182.35,14,B,,,
AAPL.P.XNAS,XNAS,2025-09-16 13:43:50.000,T00000839,839,179.57999999999998,46,B,,,
AAPL.P.XNAS,XNAS,2025-09-16 13:43:51.400,T00000840,840,178.84,17,B,,,
AAPL.P.XNAS,XNAS,2025-09-16 13:43:52.100,T00000841,841,179.3,2,B,,,
AAPL.P.XNAS,XNAS,2025-09-16 13:43:53.000,T00000842,842,177.37,40,B,,,
AAPL.P.XNAS,XNAS,2025-09-16 13:43:53.500,T00000843,843,178.49,11,S,,,
AAPL.P.XNAS,XNAS,2025-09-16 13:43:54.600,T00000844,844,181.67000000000002,57,S,,,
AAPL.P.XNAS,XNAS,2025-09-16 13:43:54.800,T00000845,845,182.58,10,B,,,
AAPL.P.XNAS,XNAS,2025-09-16 13:43:55.300,T00000846,846,182.86,23,B,,,
AAPL.P.XNAS,XNAS,2025-09-16 13:43:55.500,T00000847,847,179.92000000000002,12,S,,,
AAPL.P.XNAS,XNAS,2025-09-16 13:43:55.800,T00000848,848,180.88,10,S,,,
AAPL.P.XNAS,XNAS,2025-09-16 13:43:55.900,T00000849,849,180.79,19,S,,,
AAPL.P.XNAS,XNAS,2025-09-16 13:43:56.200,T00000850,850,183.81,19,S,,,
AAPL.P.XNAS,XNAS,2025-09-16 13:43:56.400,T00000851,851,183.17000000000002,49,B,,,
AAPL.P.XNAS,XNAS,2025-09-16 13:43:58.700,T00000852,852,179.23000000000002,7,S,,,
AAPL.P.XNAS,XNAS,2025-09-16 13:43:59.100,T00000853,853,180.43,16,B,,,
AAPL.P.XNAS,XNAS,2025-09-16 13:44:01.600,T00000854,854,177.63,105,S,,,
AAPL.P.XNAS,XNAS,2025-09-16 13:44:02.100,T00000855,855,179.98,13,S,,,
AAPL.P.XNAS,XNAS,2025-09-16 13:44:02.200,T00000856,856,177.57,52,B,,,
AAPL.P.XNAS,XNAS,2025-09-16 13:44:04.000,T00000857,857,178.88000000000002,66,S,,,
AAPL.P.XNAS,XNAS,2025-09-16 13:44:06.200,T00000858,858,183.17000000000002,20,B,,,
AAPL.P.XNAS,XNAS,2025-09-16 13:44:07.600,T00000859,859,184.6,12,S,,,
AAPL.P.XNAS,XNAS,2025-09-16 13:44:07.800,T00000860,860,185.03,19,S,,,
AAPL.P.XNAS,XNAS,2025-09-16 13:44:09.700,T00000861,861,186.78,20,B,,,
AAPL.P.XNAS,XNAS,2025-09-16 13:44:11.700,T00000862,862,181.18,45,S,,,
AAPL.P.XNAS,XNAS,2025-09-16 13:44:14.800,T00000863,863,178.3,42,S,,,
AAPL.P.XNAS,XNAS,2025-09-16 13:44:15.900,T00000864,864,181.21,27,B,,,
AAPL.P.XNAS,XNAS,2025-09-16 13:44:16.000,T00000865,865,181.74,34,S,,,
AAPL.P.XNAS,XNAS,2025-09-16 13:44:20.800,T00000866,866,180.64,49,B,,,
AAPL.P.XNAS,XNAS,2025-09-16 13:44:22.500,T00000867,867,177.51,11,B,,,
AAPL.P.XNAS,XNAS,2025-09-16 13:44:22.600,T00000868,868,178.65,12,B,,,
AAPL.P.XNAS,XNAS,2025-09-16 13:44:23.000,T00000869,869,179.04,32,S,,,
AAPL.P.XNAS,XNAS,2025-09-16 13:44:23.900,T00000870,870,186.18,66,S,,,
AAPL.P.XNAS,XNAS,2025-09-16 13:44:26.300,T00000871,871,186.4,30,S,,,
AAPL.P.XNAS,XNAS,2025-09-16 13:44:27.000,T00000872,872,187.51,29,S,,,
AAPL.P.XNAS,XNAS,2025-09-16 13:44:28.500,T00000873,873,188.32,50,S,,,
AAPL.P.XNAS,XNAS,2025-09-16 13:44:30.300,T00000874,874,179.33,16,B,,,
AAPL.P.XNAS,XNAS,2025-09-16 13:44:33.600,T00000875,875,175.45000000000002,11,B,,,
AAPL.P.XNAS,XNAS,2025-09-16 13:44:34.000,T00000876,876,173.95000000000002,12,S,,,
AAPL.P.XNAS,XNAS,2025-09-16 13:44:34.100,T00000877,877,176.03,19,B,,,
AAPL.P.XNAS,XNAS,2025-09-16 13:44:35.200,T00000878,878,177.14000000000001,19,S,,,
AAPL.P.XNAS,XNAS,2025-09-16 13:44:35.900,T00000879,879,175.79,11,S,,,
AAPL.P.XNAS,XNAS,2025-09-16 13:44:36.600,T00000880,880,173.1,1,S,,,
AAPL.P.XNAS,XNAS,2025-09-16 13:44:37.800,T00000881,881,177.05,56,S,,,
AAPL.P.XNAS,XNAS,2025-09-16 13:44:39.200,T00000882,882,178.06,37,B,,,
AAPL.P.XNAS,XNAS,2025-09-16 13:44:39.300,T00000883,883,178.09,66,B,,,
AAPL.P.XNAS,XNAS,2025-09-16 13:44:39.500,T00000884,884,179.06,48,B,,,
AAPL.P.XNAS,XNAS,2025-09-16 13:44:42.600,T00000885,885,176.04,16,S,,,
AAPL.P.XNAS,XNAS,2025-09-16 13:44:42.800,T00000886,886,177.92000000000002,6,B,,,
AAPL.P.XNAS,XNAS,2025-09-16 13:44:44.200,T00000887,887,178.02,11,S,,,
AAPL.P.XNAS,XNAS,2025-09-16 13:44:45.400,T00000888,888,178.54,16,S,,,
AAPL.P.XNAS,XNAS,2025-09-16 13:44:45.800,T00000889,889,178.5,12,B,,,
AAPL.P.XNAS,XNAS,2025-09-16 13:44:46.700,T00000890,890,182.45000000000002,18,B,,,
AAPL.P.XNAS,XNAS,2025-09-16 13:44:47.200,T00000891,891,180.98,14,S,,,
AAPL.P.XNAS,XNAS,2025-09-16 13:44:48.600,T00000892,892,181.77,30,S,,,
AAPL.P.XNAS,XNAS,2025-09-16 13:44:52.900,T00000893,893,181.0,48,S,,,
AAPL.P.XNAS,XNAS,2025-09-16 13:44:53.200,T00000894,894,181.47,14,S,,,
AAPL.P.XNAS,XNAS,2025-09-16 13:44:55.000,T00000895,895,178.39000000000001,15,B,,,
AAPL.P.XNAS,XNAS,2025-09-16 13:44:55.300,T00000896,896,178.76,11,B,,,
AAPL.P.XNAS,XNAS,2025-09-16 13:44:55.500,T00000897,897,177.54,35,B,,,
AAPL.P.XNAS,XNAS,2025-09-16 13:44:55.700,T00000898,898,177.24,13,S,,,
AAPL.P.XNAS,XNAS,2025-09-16 13:44:56.500,T00000899,899,172.94,13,S,,,
AAPL.P.XNAS,XNAS,2025-09-16 13:44:57.900,T00000900,900,172.56,16,S,,,
AAPL.P.XNAS,XNAS,2025-09-16 13:44:59.900,T00000901,901,168.92000000000002,15,S,,,
AAPL.P.XNAS,XNAS,2025-09-16 13:45:01.000,T00000902,902,171.0,11,B,,,
AAPL.P.XNAS,XNAS,2025-09-16 13:45:03.900,T00000903,903,177.39000000000001,69,B,,,
AAPL.P.XNAS,XNAS,2025-09-16 13:45:05.300,T00000904,904,176.0,19,S,,,
AAPL.P.XNAS,XNAS,2025-09-16 13:45:05.800,T00000905,905,176.12,34,B,,,
AAPL.P.XNAS,XNAS,2025-09-16 13:45:07.100,T00000906,906,178.69,11,S,,,
AAPL.P.XNAS,XNAS,2025-09-16 13:45:09.000,T00000907,907,178.88,13,S,,,
AAPL.P.XNAS,XNAS,2025-09-16 13:45:12.700,T00000908,908,176.55,24,S,,,
AAPL.P.XNAS,XNAS,2025-09-16 13:45:14.400,T00000909,909,176.21,11,B,,,
AAPL.P.XNAS,XNAS,2025-09-16 13:45:14.600,T00000910,910,178.44,25,B,,,
AAPL.P.XNAS,XNAS,2025-09-16 13:45:16.100,T00000911,911,174.4,18,S,,,
AAPL.P.XNAS,XNAS,2025-09-16 13:45:19.600,T00000912,912,174.23,41,S,,,
AAPL.P.XNAS,XNAS,2025-09-16 13:45:22.200,T00000913,913,177.19,17,B,,,
AAPL.P.XNAS,XNAS,2025-09-16 13:45:22.400,T00000914,914,176.98,13,B,,,
AAPL.P.XNAS,XNAS,2025-09-16 13:45:22.600,T00000915,915,178.12,12,B,,,
AAPL.P.XNAS,XNAS,2025-09-16 13:45:24.100,T00000916,916,175.56,10,S,,,
AAPL.P.XNAS,XNAS,2025-09-16 13:45:27.000,T00000917,917,181.22,14,B,,,
AAPL.P.XNAS,XNAS,2025-09-16 13:45:27.500,T00000918,918,181.9,11,B,,,
AAPL.P.XNAS,XNAS,2025-09-16 13:45:31.300,T00000919,919,186.93,17,B,,,
AAPL.P.XNAS,XNAS,2025-09-16 13:45:31.400,T00000920,920,187.26000000000002,13,S,,,
AAPL.P.XNAS,XNAS,2025-09-16 13:45:34.000,T00000921,921,185.09,13,B,,,
AAPL.P.XNAS,XNAS,2025-09-16 13:45:37.600,T00000922,922,187.94,17,S,,,
AAPL.P.XNAS,XNAS,2025-09-16 13:45:37.900,T00000923,923,186.41,14,S,,,
AAPL.P.XNAS,XNAS,2025-09-16 13:45:38.200,T00000924,924,187.91,12,S,,,
AAPL.P.XNAS,XNAS,2025-09-16 13:45:43.900,T00000925,925,182.68,24,S,,,
AAPL.P.XNAS,XNAS,2025-09-16 13:45:44.100,T00000926,926,181.18,47,B,,,
AAPL.P.XNAS,XNAS,2025-09-16 13:45:44.400,T00000927,927,180.6,48,S,,,
AAPL.P.XNAS,XNAS,2025-09-16 13:45:44.800,T00000928,928,177.85,10,B,,,
AAPL.P.XNAS,XNAS,2025-09-16 13:45:45.300,T00000929,929,177.09,51,B,,,
AAPL.P.XNAS,XNAS,2025-09-16 13:45:45.500,T00000930,930,176.16,41,B,,,
AAPL.P.XNAS,XNAS,2025-09-16 13:45:46.500,T00000931,931,172.06,21,B,,,
AAPL.P.XNAS,XNAS,2025-09-16 13:45:48.100,T00000932,932,173.36,67,S,,,
AAPL.P.XNAS,XNAS,2025-09-16 13:45:48.400,T00000933,933,171.34,38,S,,,
AAPL.P.XNAS,XNAS,2025-09-16 13:45:49.600,T00000934,934,177.26,20,S,,,
AAPL.P.XNAS,XNAS,2025-09-16 13:45:49.700,T00000935,935,176.86,34,B,,,
AAPL.P.XNAS,XNAS,2025-09-16 13:45:50.600,T00000936,936,180.25,105,S,,,
AAPL.P.XNAS,XNAS,2025-09-16 13:45:50.700,T00000937,937,179.87,27,S,,,
AAPL.P.XNAS,XNAS,2025-09-16 13:45:51.400,T00000938,938,180.4,23,S,,,
AAPL.P.XNAS,XNAS,2025-09-16 13:45:51.900,T00000939,939,181.65,18,S,,,
AAPL.P.XNAS,XNAS,2025-09-16 13:45:52.300,T00000940,940,181.25,47,S,,,
AAPL.P.XNAS,XNAS,2025-09-16 13:45:53.100,T00000941,941,181.93,9,S,,,
AAPL.P.XNAS,XNAS,2025-09-16 13:45:54.600,T00000942,942,184.55,37,S,,,
AAPL.P.XNAS,XNAS,2025-09-16 13:45:55.800,T00000943,943,181.4,23,B,,,
AAPL.P.XNAS,XNAS,2025-09-16 13:45:56.400,T00000944,944,182.45000000000002,30,S,,,
AAPL.P.XNAS,XNAS,2025-09-16 13:46:00.500,T00000945,945,182.01,182,B,,,
AAPL.P.XNAS,XNAS,2025-09-16 13:46:00.900,T00000946,946,181.88000000000002,16,S,,,
AAPL.P.XNAS,XNAS,2025-09-16 13:46:02.000,T00000947,947,182.9,17,S,,,
AAPL.P.XNAS,XNAS,2025-09-16 13:46:03.200,T00000948,948,184.63,29,S,,,
AAPL.P.XNAS,XNAS,2025-09-16 13:46:04.700,T00000949,949,182.87,49,S,,,
AAPL.P.XNAS,XNAS,2025-09-16 13:46:06.300,T00000950,950,183.37,16,S,,,
AAPL.P.XNAS,XNAS,2025-09-16 13:46:07.300,T00000951,951,182.3,12,B,,,
AAPL.P.XNAS,XNAS,2025-09-16 13:46:08.500,T00000952,952,182.18,20,S,,,
AAPL.P.XNAS,XNAS,2025-09-16 13:46:08.900,T00000953,953,181.76,38,B,,,
AAPL.P.XNAS,XNAS,2025-09-16 13:46:10.800,T00000954,954,184.9,15,B,,,
AAPL.P.XNAS,XNAS,2025-09-16 13:46:12.200,T00000955,955,189.81,23,S,,,
AAPL.P.XNAS,XNAS,2025-09-16 13:46:14.100,T00000956,956,186.71,13,S,,,
AAPL.P.XNAS,XNAS,2025-09-16 13:46:14.300,T00000957,957,185.05,11,B,,,
AAPL.P.XNAS,XNAS,2025-09-16 13:46:22.700,T00000958,958,194.48000000000002,20,B,,,
AAPL.P.XNAS,XNAS,2025-09-16 13:46:24.400,T00000959,959,194.16,35,S,,,
AAPL.P.XNAS,XNAS,2025-09-16 13:46:25.700,T00000960,960,189.63,29,B,,,
AAPL.P.XNAS,XNAS,2025-09-16 13:46:28.100,T00000961,961,190.11,16,S,,,
AAPL.P.XNAS,XNAS,2025-09-16 13:46:28.300,T00000962,962,188.98999999999998,11,B,,,
AAPL.P.XNAS,XNAS,2025-09-16 13:46:30.600,T00000963,963,187.81,15,S,,,
AAPL.P.XNAS,XNAS,2025-09-16 13:46:31.000,T00000964,964,188.05,15,S,,,
AAPL.P.XNAS,XNAS,2025-09-16 13:46:32.000,T00000965,965,186.52,17,B,,,
AAPL.P.XNAS,XNAS,2025-09-16 13:46:32.100,T00000966,966,187.51,13,B,,,
AAPL.P.XNAS,XNAS,2025-09-16 13:46:32.700,T00000967,967,185.21,77,S,,,
AAPL.P.XNAS,XNAS,2025-09-16 13:46:33.000,T00000968,968,185.91,23,B,,,
AAPL.P.XNAS,XNAS,2025-09-16 13:46:33.400,T00000969,969,187.02,11,S,,,
AAPL.P.XNAS,XNAS,2025-09-16 13:46:33.500,T00000970,970,188.81,32,B,,,
AAPL.P.XNAS,XNAS,2025-09-16 13:46:35.500,T00000971,971,185.16,13,S,,,
AAPL.P.XNAS,XNAS,2025-09-16 13:46:35.900,T00000972,972,184.33,112,S,,,
AAPL.P.XNAS,XNAS,2025-09-16 13:46:36.000,T00000973,973,182.84,14,S,,,
AAPL.P.XNAS,XNAS,2025-09-16 13:46:36.100,T00000974,974,183.72,5,B,,,
AAPL.P.XNAS,XNAS,2025-09-16 13:46:36.200,T00000975,975,184.66,91,S,,,
AAPL.P.XNAS,XNAS,2025-09-16 13:46:37.400,T00000976,976,186.03,121,S,,,
AAPL.P.XNAS,XNAS,2025-09-16 13:46:38.100,T00000977,977,187.16,14,S,,,
AAPL.P.XNAS,XNAS,2025-09-16 13:46:38.800,T00000978,978,185.79,147,S,,,
AAPL.P.XNAS,XNAS,2025-09-16 13:46:39.300,T00000979,979,188.49,12,S,,,
AAPL.P.XNAS,XNAS,2025-09-16 13:46:39.500,T00000980,980,185.94,38,B,,,
AAPL.P.XNAS,XNAS,2025-09-16 13:46:40.500,T00000981,981,190.11,17,B,,,
AAPL.P.XNAS,XNAS,2025-09-16 13:46:40.700,T00000982,982,188.51,20,S,,,
AAPL.P.XNAS,XNAS,2025-09-16 13:46:41.700,T00000983,983,187.69,13,S,,,
AAPL.P.XNAS,XNAS,2025-09-16 13:46:41.900,T00000984,984,187.58,36,B,,,
AAPL.P.XNAS,XNAS,2025-09-16 13:46:44.600,T00000985,985,177.81,14,B,,,
AAPL.P.XNAS,XNAS,2025-09-16 13:46:46.400,T00000986,986,175.58,10,S,,,
AAPL.P.XNAS,XNAS,2025-09-16 13:46:46.500,T00000987,987,174.06,8,S,,,
AAPL.P.XNAS,XNAS,2025-09-16 13:46:47.000,T00000988,988,173.77,4,B,,,
AAPL.P.XNAS,XNAS,2025-09-16 13:46:47.300,T00000989,989,172.33,22,B,,,
AAPL.P.XNAS,XNAS,2025-09-16 13:46:47.700,T00000990,990,171.02,20,S,,,
AAPL.P.XNAS,XNAS,2025-09-16 13:46:48.500,T00000991,991,171.95000000000002,8,S,,,
AAPL.P.XNAS,XNAS,2025-09-16 13:46:49.600,T00000992,992,172.93,19,S,,,
AAPL.P.XNAS,XNAS,2025-09-16 13:46:51.800,T00000993,993,176.4,15,B,,,
AAPL.P.XNAS,XNAS,2025-09-16 13:46:54.000,T00000994,994,177.83,19,B,,,
AAPL.P.XNAS,XNAS,2025-09-16 13:46:54.500,T00000995,995,174.92000000000002,91,B,,,
AAPL.P.XNAS,XNAS,2025-09-16 13:46:56.400,T00000996,996,177.12,39,S,,,
AAPL.P.XNAS,XNAS,2025-09-16 13:46:56.500,T00000997,997,177.65,91,B,,,
AAPL.P.XNAS,XNAS,2025-09-16 13:46:57.100,T00000998,998,174.54,17,B,,,
AAPL.P.XNAS,XNAS,2025-09-16 13:46:57.200,T00000999,999,174.67000000000002,31,B,,,
AAPL.P.XNAS,XNAS,2025-09-16 13:46:57.900,T00001000,1000,174.25,66,B,,,
AAPL.P.XNAS,XNAS,2025-09-16 13:46:58.700,T00001001,1001,175.1,24,S,,,
AAPL.P.XNAS,XNAS,2025-09-16 13:46:59.400,T00001002,1002,173.88,61,S,,,
AAPL.P.XNAS,XNAS,2025-09-16 13:47:00.800,T00001003,1003,176.22,19,B,,,
AAPL.P.XNAS,XNAS,2025-09-16 13:47:03.700,T00001004,1004,182.35,9,B,,,
AAPL.P.XNAS,XNAS,2025-09-16 13:47:04.500,T00001005,1005,182.48,10,B,,,
AAPL.P.XNAS,XNAS,2025-09-16 13:47:06.000,T00001006,1006,182.17,13,B,,,
AAPL.P.XNAS,XNAS,2025-09-16 13:47:07.400,T00001007,1007,185.23,84,B,,,
AAPL.P.XNAS,XNAS,2025-09-16 13:47:07.600,T00001008,1008,185.11,91,B,,,
AAPL.P.XNAS,XNAS,2025-09-16 13:47:08.900,T00001009,1009,186.53,14,S,,,
AAPL.P.XNAS,XNAS,2025-09-16 13:47:09.600,T00001010,1010,186.21,20,S,,,
AAPL.P.XNAS,XNAS,2025-09-16 13:47:10.000,T00001011,1011,185.58,91,B,,,
AAPL.P.XNAS,XNAS,2025-09-16 13:47:10.700,T00001012,1012,180.43,27,S,,,
AAPL.P.XNAS,XNAS,2025-09-16 13:47:13.200,T00001013,1013,180.75,29,S,,,
AAPL.P.XNAS,XNAS,2025-09-16 13:47:13.400,T00001014,1014,183.72,52,B,,,
AAPL.P.XNAS,XNAS,2025-09-16 13:47:14.100,T00001015,1015,186.01,21,S,,,
AAPL.P.XNAS,XNAS,2025-09-16 13:47:14.400,T00001016,1016,185.75,14,S,,,
AAPL.P.XNAS,XNAS,2025-09-16 13:47:14.600,T00001017,1017,185.62,17,S,,,
AAPL.P.XNAS,XNAS,2025-09-16 13:47:16.600,T00001018,1018,184.85,20,S,,,
AAPL.P.XNAS,XNAS,2025-09-16 13:47:17.200,T00001019,1019,185.89000000000001,10,B,,,
AAPL.P.XNAS,XNAS,2025-09-16 13:47:17.400,T00001020,1020,190.29,28,B,,,
AAPL.P.XNAS,XNAS,2025-09-16 13:47:17.500,T00001021,1021,190.85,27,B,,,
AAPL.P.XNAS,XNAS,2025-09-16 13:47:18.100,T00001022,1022,188.37,13,B,,,
AAPL.P.XNAS,XNAS,2025-09-16 13:47:18.200,T00001023,1023,188.27,17,S,,,
AAPL.P.XNAS,XNAS,2025-09-16 13:47:18.600,T00001024,1024,186.01,26,B,,,
AAPL.P.XNAS,XNAS,2025-09-16 13:47:21.100,T00001025,1025,184.79,19,S,,,
AAPL.P.XNAS,XNAS,2025-09-16 13:47:21.400,T00001026,1026,183.4,17,S,,,
AAPL.P.XNAS,XNAS,2025-09-16 13:47:21.700,T00001027,1027,180.68,24,S,,,
AAPL.P.XNAS,XNAS,2025-09-16 13:47:23.700,T00001028,1028,177.78,11,B,,,
AAPL.P.XNAS,XNAS,2025-09-16 13:47:24.800,T00001029,1029,176.75,10,S,,,
AAPL.P.XNAS,XNAS,2025-09-16 13:47:26.600,T00001030,1030,178.53,12,S,,,
AAPL.P.XNAS,XNAS,2025-09-16 13:47:27.000,T00001031,1031,177.48,14,B,,,
AAPL.P.XNAS,XNAS,2025-09-16 13:47:27.900,T00001032,1032,182.26,15,B,,,
AAPL.P.XNAS,XNAS,2025-09-16 13:47:28.200,T00001033,1033,181.14000000000001,38,S,,,
AAPL.P.XNAS,XNAS,2025-09-16 13:47:28.900,T00001034,1034,180.12,24,S,,,
AAPL.P.XNAS,XNAS,2025-09-16 13:47:30.000,T00001035,1035,179.03,28,S,,,
AAPL.P.XNAS,XNAS,2025-09-16 13:47:31.200,T00001036,1036,170.8,16,S,,,
AAPL.P.XNAS,XNAS,2025-09-16 13:47:32.200,T00001037,1037,173.02,21,B,,,
AAPL.P.XNAS,XNAS,2025-09-16 13:47:32.800,T00001038,1038,172.34,31,B,,,
AAPL.P.XNAS,XNAS,2025-09-16 13:47:34.200,T00001039,1039,173.13,35,S,,,
AAPL.P.XNAS,XNAS,2025-09-16 13:47:34.400,T00001040,1040,172.03,21,B,,,
AAPL.P.XNAS,XNAS,2025-09-16 13:47:34.800,T00001041,1041,172.58,37,S,,,
AAPL.P.XNAS,XNAS,2025-09-16 13:47:35.200,T00001042,1042,175.39000000000001,51,B,,,
AAPL.P.XNAS,XNAS,2025-09-16 13:47:36.000,T00001043,1043,175.85,34,S,,,
AAPL.P.XNAS,XNAS,2025-09-16 13:47:39.000,T00001044,1044,185.77,15,B,,,
AAPL.P.XNAS,XNAS,2025-09-16 13:47:39.900,T00001045,1045,182.58,57,S,,,
AAPL.P.XNAS,XNAS,2025-09-16 13:47:40.900,T00001046,1046,180.19,16,B,,,
AAPL.P.XNAS,XNAS,2025-09-16 13:47:41.000,T00001047,1047,180.53,13,B,,,
AAPL.P.XNAS,XNAS,2025-09-16 13:47:41.100,T00001048,1048,180.4,37,S,,,
AAPL.P.XNAS,XNAS,2025-09-16 13:47:42.300,T00001049,1049,181.74,10,S,,,
AAPL.P.XNAS,XNAS,2025-09-16 13:47:42.900,T00001050,1050,178.16,11,B,,,
AAPL.P.XNAS,XNAS,2025-09-16 13:47:43.400,T00001051,1051,175.85,40,S,,,
AAPL.P.XNAS,XNAS,2025-09-16 13:47:43.900,T00001052,1052,177.03,28,B,,,
AAPL.P.XNAS,XNAS,2025-09-16 13:47:44.400,T00001053,1053,174.51,20,S,,,
AAPL.P.XNAS,XNAS,2025-09-16 13:47:48.000,T00001054,1054,176.24,47,B,,,
AAPL.P.XNAS,XNAS,2025-09-16 13:47:48.300,T00001055,1055,175.53,19,S,,,
AAPL.P.XNAS,XNAS,2025-09-16 13:47:52.100,T00001056,1056,179.62,10,S,,,
AAPL.P.XNAS,XNAS,2025-09-16 13:47:52.700,T00001057,1057,178.19,1,B,,,
AAPL.P.XNAS,XNAS,2025-09-16 13:47:53.000,T00001058,1058,178.55,22,S,,,
AAPL.P.XNAS,XNAS,2025-09-16 13:47:53.200,T00001059,1059,178.09,10,S,,,
AAPL.P.XNAS,XNAS,2025-09-16 13:47:54.200,T00001060,1060,179.74,21,S,,,
AAPL.P.XNAS,XNAS,2025-09-16 13:47:57.400,T00001061,1061,179.67000000000002,18,B,,,
AAPL.P.XNAS,XNAS,2025-09-16 13:47:57.900,T00001062,1062,178.38,16,S,,,
AAPL.P.XNAS,XNAS,2025-09-16 13:47:59.800,T00001063,1063,172.95000000000002,11,B,,,
AAPL.P.XNAS,XNAS,2025-09-16 13:48:00.000,T00001064,1064,171.52,21,B,,,
AAPL.P.XNAS,XNAS,2025-09-16 13:48:00.800,T00001065,1065,176.18,12,B,,,
AAPL.P.XNAS,XNAS,2025-09-16 13:48:02.500,T00001066,1066,179.63,19,B,,,
AAPL.P.XNAS,XNAS,2025-09-16 13:48:04.300,T00001067,1067,175.99,10,S,,,
AAPL.P.XNAS,XNAS,2025-09-16 13:48:05.100,T00001068,1068,174.63,29,S,,,
AAPL.P.XNAS,XNAS,2025-09-16 13:48:05.400,T00001069,1069,175.83,25,B,,,
AAPL.P.XNAS,XNAS,2025-09-16 13:48:06.400,T00001070,1070,176.51,63,S,,,
AAPL.P.XNAS,XNAS,2025-09-16 13:48:06.700,T00001071,1071,175.70000000000002,35,S,,,
AAPL.P.XNAS,XNAS,2025-09-16 13:48:07.100,T00001072,1072,175.27,105,B,,,
AAPL.P.XNAS,XNAS,2025-09-16 13:48:07.500,T00001073,1073,176.4,37,S,,,
AAPL.P.XNAS,XNAS,2025-09-16 13:48:07.700,T00001074,1074,177.11,13,B,,,
AAPL.P.XNAS,XNAS,2025-09-16 13:48:12.100,T00001075,1075,181.91,10,B,,,
AAPL.P.XNAS,XNAS,2025-09-16 13:48:12.200,T00001076,1076,183.55,40,S,,,
AAPL.P.XNAS,XNAS,2025-09-16 13:48:12.500,T00001077,1077,182.21,34,B,,,
AAPL.P.XNAS,XNAS,2025-09-16 13:48:14.900,T00001078,1078,183.06,23,S,,,
AAPL.P.XNAS,XNAS,2025-09-16 13:48:16.800,T00001079,1079,184.99,12,S,,,
AAPL.P.XNAS,XNAS,2025-09-16 13:48:16.900,T00001080,1080,185.56,77,B,,,
AAPL.P.XNAS,XNAS,2025-09-16 13:48:17.700,T00001081,1081,185.54,29,S,,,
AAPL.P.XNAS,XNAS,2025-09-16 13:48:18.000,T00001082,1082,184.39000000000001,40,S,,,
AAPL.P.XNAS,XNAS,2025-09-16 13:48:18.100,T00001083,1083,183.67000000000002,10,S,,,
AAPL.P.XNAS,XNAS,2025-09-16 13:48:18.200,T00001084,1084,183.23,77,S,,,
AAPL.P.XNAS,XNAS,2025-09-16 13:48:19.100,T00001085,1085,178.95000000000002,25,S,,,
AAPL.P.XNAS,XNAS,2025-09-16 13:48:22.100,T00001086,1086,180.41,17,S,,,
AAPL.P.XNAS,XNAS,2025-09-16 13:48:22.500,T00001087,1087,179.58,30,S,,,
AAPL.P.XNAS,XNAS,2025-09-16 13:48:22.800,T00001088,1088,177.65,27,B,,,
AAPL.P.XNAS,XNAS,2025-09-16 13:48:23.100,T00001089,1089,179.18,11,S,,,
AAPL.P.XNAS,XNAS,2025-09-16 13:48:24.700,T00001090,1090,175.97,37,S,,,
AAPL.P.XNAS,XNAS,2025-09-16 13:48:25.300,T00001091,1091,174.68,22,B,,,
AAPL.P.XNAS,XNAS,2025-09-16 13:48:26.800,T00001092,1092,175.03,60,S,,,
AAPL.P.XNAS,XNAS,2025-09-16 13:48:28.500,T00001093,1093,174.23,31,B,,,
AAPL.P.XNAS,XNAS,2025-09-16 13:48:29.700,T00001094,1094,174.20000000000002,24,B,,,
AAPL.P.XNAS,XNAS,2025-09-16 13:48:30.900,T00001095,1095,172.82,11,S,,,
AAPL.P.XNAS,XNAS,2025-09-16 13:48:31.100,T00001096,1096,173.70000000000002,11,B,,,
AAPL.P.XNAS,XNAS,2025-09-16 13:48:31.400,T00001097,1097,173.81,35,B,,,
AAPL.P.XNAS,XNAS,2025-09-16 13:48:32.500,T00001098,1098,173.42000000000002,13,S,,,
AAPL.P.XNAS,XNAS,2025-09-16 13:48:34.000,T00001099,1099,177.26,42,B,,,
AAPL.P.XNAS,XNAS,2025-09-16 13:48:35.600,T00001100,1100,175.09,35,S,,,
AAPL.P.XNAS,XNAS,2025-09-16 13:48:36.400,T00001101,1101,174.95000000000002,23,S,,,
AAPL.P.XNAS,XNAS,2025-09-16 13:48:36.800,T00001102,1102,174.79,11,S,,,
AAPL.P.XNAS,XNAS,2025-09-16 13:48:37.200,T00001103,1103,174.37,144,B,,,
AAPL.P.XNAS,XNAS,2025-09-16 13:48:38.300,T00001104,1104,172.84,15,S,,,
AAPL.P.XNAS,XNAS,2025-09-16 13:48:40.100,T00001105,1105,172.35,28,S,,,
AAPL.P.XNAS,XNAS,2025-09-16 13:48:42.400,T00001106,1106,179.38,19,B,,,
AAPL.P.XNAS,XNAS,2025-09-16 13:48:43.500,T00001107,1107,177.99,11,B,,,
AAPL.P.XNAS,XNAS,2025-09-16 13:48:44.300,T00001108,1108,180.54,15,B,,,
AAPL.P.XNAS,XNAS,2025-09-16 13:48:44.800,T00001109,1109,181.73,39,B,,,
AAPL.P.XNAS,XNAS,2025-09-16 13:48:45.800,T00001110,1110,184.76,23,S,,,
AAPL.P.XNAS,XNAS,2025-09-16 13:48:45.900,T00001111,1111,184.1,12,S,,,
AAPL.P.XNAS,XNAS,2025-09-16 13:48:47.600,T00001112,1112,184.48,15,B,,,
AAPL.P.XNAS,XNAS,2025-09-16 13:48:47.800,T00001113,1113,186.83,35,B,,,
AAPL.P.XNAS,XNAS,2025-09-16 13:48:50.400,T00001114,1114,186.44,16,S,,,
AAPL.P.XNAS,XNAS,2025-09-16 13:48:50.600,T00001115,1115,185.31,17,S,,,
AAPL.P.XNAS,XNAS,2025-09-16 13:48:52.600,T00001116,1116,189.86,13,S,,,
AAPL.P.XNAS,XNAS,2025-09-16 13:48:52.800,T00001117,1117,189.19,12,B,,,
AAPL.P.XNAS,XNAS,2025-09-16 13:48:52.900,T00001118,1118,188.17000000000002,10,B,,,
AAPL.P.XNAS,XNAS,2025-09-16 13:48:54.800,T00001119,1119,186.52,19,B,,,
AAPL.P.XNAS,XNAS,2025-09-16 13:48:55.200,T00001120,1120,184.46,14,S,,,
AAPL.P.XNAS,XNAS,2025-09-16 13:48:58.100,T00001121,1121,186.83,11,B,,,
AAPL.P.XNAS,XNAS,2025-09-16 13:48:58.500,T00001122,1122,186.52,27,S,,,
AAPL.P.XNAS,XNAS,2025-09-16 13:48:58.700,T00001123,1123,185.5,18,S,,,
AAPL.P.XNAS,XNAS,2025-09-16 13:48:59.700,T00001124,1124,183.34,14,S,,,
AAPL.P.XNAS,XNAS,2025-09-16 13:49:00.300,T00001125,1125,183.66,19,B,,,
AAPL.P.XNAS,XNAS,2025-09-16 13:49:00.400,T00001126,1126,183.59,12,S,,,
AAPL.P.XNAS,XNAS,2025-09-16 13:49:00.800,T00001127,1127,182.69,52,S,,,
AAPL.P.XNAS,XNAS,2025-09-16 13:49:03.600,T00001128,1128,183.84,25,S,,,
AAPL.P.XNAS,XNAS,2025-09-16 13:49:05.300,T00001129,1129,186.02,13,B,,,
AAPL.P.XNAS,XNAS,2025-09-16 13:49:08.300,T00001130,1130,187.8,24,B,,,
AAPL.P.XNAS,XNAS,2025-09-16 13:49:08.600,T00001131,1131,188.31,66,B,,,
AAPL.P.XNAS,XNAS,2025-09-16 13:49:08.900,T00001132,1132,186.76,38,S,,,
AAPL.P.XNAS,XNAS,2025-09-16 13:49:09.800,T00001133,1133,189.64000000000001,19,S,,,
AAPL.P.XNAS,XNAS,2025-09-16 13:49:09.900,T00001134,1134,190.15,44,S,,,
AAPL.P.XNAS,XNAS,2025-09-16 13:49:10.000,T00001135,1135,190.96,40,S,,,
AAPL.P.XNAS,XNAS,2025-09-16 13:49:10.600,T00001136,1136,189.36,31,S,,,
AAPL.P.XNAS,XNAS,2025-09-16 13:49:10.800,T00001137,1137,187.44,14,S,,,
AAPL.P.XNAS,XNAS,2025-09-16 13:49:11.100,T00001138,1138,186.57,37,S,,,
AAPL.P.XNAS,XNAS,2025-09-16 13:49:11.700,T00001139,1139,187.02,15,S,,,
AAPL.P.XNAS,XNAS,2025-09-16 13:49:13.600,T00001140,1140,180.32,16,S,,,
AAPL.P.XNAS,XNAS,2025-09-16 13:49:14.100,T00001141,1141,181.56,53,B,,,
AAPL.P.XNAS,XNAS,2025-09-16 13:49:14.700,T00001142,1142,179.53,11,S,,,
AAPL.P.XNAS,XNAS,2025-09-16 13:49:15.000,T00001143,1143,183.01,10,B,,,
AAPL.P.XNAS,XNAS,2025-09-16 13:49:16.600,T00001144,1144,185.44,18,S,,,
AAPL.P.XNAS,XNAS,2025-09-16 13:49:17.400,T00001145,1145,187.1,10,B,,,
AAPL.P.XNAS,XNAS,2025-09-16 13:49:18.300,T00001146,1146,184.77,31,S,,,
AAPL.P.XNAS,XNAS,2025-09-16 13:49:19.000,T00001147,1147,185.67000000000002,17,S,,,
AAPL.P.XNAS,XNAS,2025-09-16 13:49:19.300,T00001148,1148,184.86,28,B,,,
AAPL.P.XNAS,XNAS,2025-09-16 13:49:19.900,T00001149,1149,184.62,12,S,,,
AAPL.P.XNAS,XNAS,2025-09-16 13:49:21.500,T00001150,1150,180.88,18,S,,,
AAPL.P.XNAS,XNAS,2025-09-16 13:49:21.600,T00001151,1151,180.43,1,B,,,
AAPL.P.XNAS,XNAS,2025-09-16 13:49:22.600,T00001152,1152,180.89000000000001,13,S,,,
AAPL.P.XNAS,XNAS,2025-09-16 13:49:22.700,T00001153,1153,180.55,33,S,,,
AAPL.P.XNAS,XNAS,2025-09-16 13:49:24.100,T00001154,1154,176.91,36,B,,,
AAPL.P.XNAS,XNAS,2025-09-16 13:49:24.500,T00001155,1155,175.13,25,S,,,
AAPL.P.XNAS,XNAS,2025-09-16 13:49:27.100,T00001156,1156,176.75,39,S,,,
AAPL.P.XNAS,XNAS,2025-09-16 13:49:30.100,T00001157,1157,178.08,77,B,,,
AAPL.P.XNAS,XNAS,2025-09-16 13:49:30.400,T00001158,1158,176.84,17,B,,,
AAPL.P.XNAS,XNAS,2025-09-16 13:49:32.200,T00001159,1159,181.13,13,B,,,
AAPL.P.XNAS,XNAS,2025-09-16 13:49:32.700,T00001160,1160,178.47,98,S,,,
AAPL.P.XNAS,XNAS,2025-09-16 13:49:33.000,T00001161,1161,177.43,23,S,,,
AAPL.P.XNAS,XNAS,2025-09-16 13:49:34.300,T00001162,1162,177.52,14,B,,,
AAPL.P.XNAS,XNAS,2025-09-16 13:49:36.300,T00001163,1163,178.44,6,B,,,
AAPL.P.XNAS,XNAS,2025-09-16 13:49:38.500,T00001164,1164,178.28,28,S,,,
AAPL.P.XNAS,XNAS,2025-09-16 13:49:40.300,T00001165,1165,175.59,21,S,,,
AAPL.P.XNAS,XNAS,2025-09-16 13:49:42.900,T00001166,1166,174.88,12,B,,,
AAPL.P.XNAS,XNAS,2025-09-16 13:49:45.500,T00001167,1167,180.86,16,B,,,
AAPL.P.XNAS,XNAS,2025-09-16 13:49:45.700,T00001168,1168,180.71,19,B,,,
AAPL.P.XNAS,XNAS,2025-09-16 13:49:45.900,T00001169,1169,182.33,11,B,,,
AAPL.P.XNAS,XNAS,2025-09-16 13:49:47.000,T00001170,1170,181.73,11,S,,,
AAPL.P.XNAS,XNAS,2025-09-16 13:49:47.600,T00001171,1171,183.23,12,S,,,
AAPL.P.XNAS,XNAS,2025-09-16 13:49:47.900,T00001172,1172,183.51,42,S,,,
AAPL.P.XNAS,XNAS,2025-09-16 13:49:48.500,T00001173,1173,182.15,20,B,,,
AAPL.P.XNAS,XNAS,2025-09-16 13:49:49.300,T00001174,1174,181.85,21,S,,,
AAPL.P.XNAS,XNAS,2025-09-16 13:49:49.700,T00001175,1175,181.53,9,S,,,
AAPL.P.XNAS,XNAS,2025-09-16 13:49:51.500,T00001176,1176,180.51,29,B,,,
AAPL.P.XNAS,XNAS,2025-09-16 13:49:51.600,T00001177,1177,180.69,14,B,,,
AAPL.P.XNAS,XNAS,2025-09-16 13:49:52.100,T00001178,1178,180.6,17,B,,,
AAPL.P.XNAS,XNAS,2025-09-16 13:49:54.300,T00001179,1179,183.38,21,B,,,
AAPL.P.XNAS,XNAS,2025-09-16 13:49:55.300,T00001180,1180,185.65,13,S,,,
AAPL.P.XNAS,XNAS,2025-09-16 13:49:55.700,T00001181,1181,185.23,20,B,,,
AAPL.P.XNAS,XNAS,2025-09-16 13:49:56.500,T00001182,1182,185.86,11,S,,,
AAPL.P.XNAS,XNAS,2025-09-16 13:49:56.600,T00001183,1183,187.61,27,S,,,
AAPL.P.XNAS,XNAS,2025-09-16 13:49:56.800,T00001184,1184,187.52,14,S,,,
AAPL.P.XNAS,XNAS,2025-09-16 13:49:57.500,T00001185,1185,189.69,12,B,,,
AAPL.P.XNAS,XNAS,2025-09-16 13:49:59.000,T00001186,1186,189.43,11,S,,,
AAPL.P.XNAS,XNAS,2025-09-16 13:50:00.300,T00001187,1187,188.19,41,B,,,
AAPL.P.XNAS,XNAS,2025-09-16 13:50:00.700,T00001188,1188,188.71,10,S,,,
AAPL.P.XNAS,XNAS,2025-09-16 13:50:02.600,T00001189,1189,190.13,5,B,,,
AAPL.P.XNAS,XNAS,2025-09-16 13:50:02.800,T00001190,1190,188.75,24,S,,,
AAPL.P.XNAS,XNAS,2025-09-16 13:50:03.200,T00001191,1191,190.1,25,B,,,
AAPL.P.XNAS,XNAS,2025-09-16 13:50:03.800,T00001192,1192,192.27,14,B,,,
AAPL.P.XNAS,XNAS,2025-09-16 13:50:04.700,T00001193,1193,194.05,10,S,,,
AAPL.P.XNAS,XNAS,2025-09-16 13:50:08.500,T00001194,1194,185.8,14,S,,,
AAPL.P.XNAS,XNAS,2025-09-16 13:50:09.300,T00001195,1195,184.89000000000001,16,B,,,
AAPL.P.XNAS,XNAS,2025-09-16 13:50:10.500,T00001196,1196,187.87,24,S,,,
AAPL.P.XNAS,XNAS,2025-09-16 13:50:10.700,T00001197,1197,186.97,13,S,,,
AAPL.P.XNAS,XNAS,2025-09-16 13:50:11.800,T00001198,1198,185.41,84,B,,,
AAPL.P.XNAS,XNAS,2025-09-16 13:50:11.900,T00001199,1199,184.62,35,S,,,
AAPL.P.XNAS,XNAS,2025-09-16 13:50:12.200,T00001200,1200,184.29,20,S,,,
AAPL.P.XNAS,XNAS,2025-09-16 13:50:12.900,T00001201,1201,187.64000000000001,11,B,,,
AAPL.P.XNAS,XNAS,2025-09-16 13:50:13.500,T00001202,1202,184.57,22,S,,,
AAPL.P.XNAS,XNAS,2025-09-16 13:50:16.500,T00001203,1203,177.86,10,S,,,
AAPL.P.XNAS,XNAS,2025-09-16 13:50:17.000,T00001204,1204,178.5,51,B,,,
AAPL.P.XNAS,XNAS,2025-09-16 13:50:17.900,T00001205,1205,179.61,12,B,,,
AAPL.P.XNAS,XNAS,2025-09-16 13:50:19.600,T00001206,1206,178.56,44,S,,,
AAPL.P.XNAS,XNAS,2025-09-16 13:50:21.900,T00001207,1207,177.08,10,S,,,
AAPL.P.XNAS,XNAS,2025-09-16 13:50:22.300,T00001208,1208,174.67,17,B,,,
AAPL.P.XNAS,XNAS,2025-09-16 13:50:23.400,T00001209,1209,174.59,28,B,,,
AAPL.P.XNAS,XNAS,2025-09-16 13:50:25.400,T00001210,1210,181.61,25,S,,,
AAPL.P.XNAS,XNAS,2025-09-16 13:50:25.800,T00001211,1211,179.76,11,B,,,
AAPL.P.XNAS,XNAS,2025-09-16 13:50:29.100,T00001212,1212,177.5,13,S,,,
AAPL.P.XNAS,XNAS,2025-09-16 13:50:29.400,T00001213,1213,179.73,17,B,,,
AAPL.P.XNAS,XNAS,2025-09-16 13:50:29.900,T00001214,1214,178.20000000000002,16,B,,,
AAPL.P.XNAS,XNAS,2025-09-16 13:50:30.100,T00001215,1215,176.88,13,B,,,
AAPL.P.XNAS,XNAS,2025-09-16 13:50:30.400,T00001216,1216,176.85,75,S,,,
AAPL.P.XNAS,XNAS,2025-09-16 13:50:31.700,T00001217,1217,175.17000000000002,4,S,,,
AAPL.P.XNAS,XNAS,2025-09-16 13:50:32.600,T00001218,1218,174.15,45,S,,,
AAPL.P.XNAS,XNAS,2025-09-16 13:50:33.000,T00001219,1219,172.08,19,S,,,
AAPL.P.XNAS,XNAS,2025-09-16 13:50:33.500,T00001220,1220,173.99,144,B,,,
AAPL.P.XNAS,XNAS,2025-09-16 13:50:35.600,T00001221,1221,171.64000000000001,20,S,,,
AAPL.P.XNAS,XNAS,2025-09-16 13:50:35.700,T00001222,1222,171.17000000000002,13,S,,,
AAPL.P.XNAS,XNAS,2025-09-16 13:50:36.000,T00001223,1223,172.46,25,B,,,
AAPL.P.XNAS,XNAS,2025-09-16 13:50:37.800,T00001224,1224,176.46,68,B,,,
AAPL.P.XNAS,XNAS,2025-09-16 13:50:38.100,T00001225,1225,175.14000000000001,100,S,,,
AAPL.P.XNAS,XNAS,2025-09-16 13:50:38.600,T00001226,1226,174.71,10,S,,,
AAPL.P.XNAS,XNAS,2025-09-16 13:50:39.700,T00001227,1227,176.72,21,S,,,
AAPL.P.XNAS,XNAS,2025-09-16 13:50:39.800,T00001228,1228,176.57,44,B,,,
AAPL.P.XNAS,XNAS,2025-09-16 13:50:40.800,T00001229,1229,176.42000000000002,14,S,,,
AAPL.P.XNAS,XNAS,2025-09-16 13:50:41.100,T00001230,1230,176.91,26,B,,,
AAPL.P.XNAS,XNAS,2025-09-16 13:50:43.400,T00001231,1231,183.68,14,B,,,
AAPL.P.XNAS,XNAS,2025-09-16 13:50:44.300,T00001232,1232,180.66,10,B,,,
AAPL.P.XNAS,XNAS,2025-09-16 13:50:44.500,T00001233,1233,181.94,11,B,,,
AAPL.P.XNAS,XNAS,2025-09-16 13:50:46.100,T00001234,1234,180.06,45,B,,,
AAPL.P.XNAS,XNAS,2025-09-16 13:50:46.900,T00001235,1235,183.74,10,B,,,
AAPL.P.XNAS,XNAS,2025-09-16 13:50:47.900,T00001236,1236,186.24,10,B,,,
AAPL.P.XNAS,XNAS,2025-09-16 13:50:48.600,T00001237,1237,189.76000000000002,36,S,,,
AAPL.P.XNAS,XNAS,2025-09-16 13:50:49.300,T00001238,1238,187.97,29,S,,,
AAPL.P.XNAS,XNAS,2025-09-16 13:50:50.100,T00001239,1239,186.48,26,B,,,
AAPL.P.XNAS,XNAS,2025-09-16 13:50:52.000,T00001240,1240,189.0,25,S,,,
AAPL.P.XNAS,XNAS,2025-09-16 13:50:52.200,T00001241,1241,188.60999999999999,52,B,,,
AAPL.P.XNAS,XNAS,2025-09-16 13:50:52.300,T00001242,1242,189.32,14,B,,,
AAPL.P.XNAS,XNAS,2025-09-16 13:50:54.700,T00001243,1243,182.97,11,B,,,
AAPL.P.XNAS,XNAS,2025-09-16 13:50:55.400,T00001244,1244,181.4,11,B,,,
AAPL.P.XNAS,XNAS,2025-09-16 13:50:55.500,T00001245,1245,180.88,17,S,,,
AAPL.P.XNAS,XNAS,2025-09-16 13:50:56.000,T00001246,1246,178.85,31,S,,,
AAPL.P.XNAS,XNAS,2025-09-16 13:50:57.300,T00001247,1247,174.58,54,B,,,
AAPL.P.XNAS,XNAS,2025-09-16 13:50:58.200,T00001248,1248,176.57,17,S,,,
AAPL.P.XNAS,XNAS,2025-09-16 13:50:59.000,T00001249,1249,174.16,14,B,,,
AAPL.P.XNAS,XNAS,2025-09-16 13:51:01.400,T00001250,1250,180.24,18,S,,,
AAPL.P.XNAS,XNAS,2025-09-16 13:51:03.300,T00001251,1251,186.57,16,B,,,
AAPL.P.XNAS,XNAS,2025-09-16 13:51:04.400,T00001252,1252,184.38,14,B,,,
AAPL.P.XNAS,XNAS,2025-09-16 13:51:05.100,T00001253,1253,185.4,14,S,,,
AAPL.P.XNAS,XNAS,2025-09-16 13:51:06.400,T00001254,1254,182.87,17,B,,,
AAPL.P.XNAS,XNAS,2025-09-16 13:51:06.700,T00001255,1255,182.6,12,B,,,
AAPL.P.XNAS,XNAS,2025-09-16 13:51:07.100,T00001256,1256,181.01000000000002,16,S,,,
AAPL.P.XNAS,XNAS,2025-09-16 13:51:07.400,T00001257,1257,181.74,46,B,,,
AAPL.P.XNAS,XNAS,2025-09-16 13:51:10.000,T00001258,1258,182.85999999999999,52,B,,,
AAPL.P.XNAS,XNAS,2025-09-16 13:51:11.200,T00001259,1259,184.45000000000002,19,S,,,
AAPL.P.XNAS,XNAS,2025-09-16 13:51:11.800,T00001260,1260,183.74,10,B,,,
AAPL.P.XNAS,XNAS,2025-09-16 13:51:14.100,T00001261,1261,185.43,18,S,,,
AAPL.P.XNAS,XNAS,2025-09-16 13:51:14.800,T00001262,1262,183.97,53,S,,,
AAPL.P.XNAS,XNAS,2025-09-16 13:51:16.200,T00001263,1263,182.1,40,S,,,
AAPL.P.XNAS,XNAS,2025-09-16 13:51:16.400,T00001264,1264,182.6,15,S,,,
AAPL.P.XNAS,XNAS,2025-09-16 13:51:18.100,T00001265,1265,178.58,55,B,,,
AAPL.P.XNAS,XNAS,2025-09-16 13:51:18.700,T00001266,1266,178.13,13,B,,,
AAPL.P.XNAS,XNAS,2025-09-16 13:51:19.000,T00001267,1267,179.26,112,B,,,
AAPL.P.XNAS,XNAS,2025-09-16 13:51:19.200,T00001268,1268,178.63,31,B,,,
AAPL.P.XNAS,XNAS,2025-09-16 13:51:19.400,T00001269,1269,178.63,39,S,,,
AAPL.P.XNAS,XNAS,2025-09-16 13:51:19.800,T00001270,1270,179.6,34,S,,,
AAPL.P.XNAS,XNAS,2025-09-16 13:51:24.300,T00001271,1271,182.82,12,B,,,
AAPL.P.XNAS,XNAS,2025-09-16 13:51:25.500,T00001272,1272,184.25,30,B,,,
AAPL.P.XNAS,XNAS,2025-09-16 13:51:26.300,T00001273,1273,181.53,13,S,,,
AAPL.P.XNAS,XNAS,2025-09-16 13:51:26.700,T00001274,1274,181.72,18,S,,,
AAPL.P.XNAS,XNAS,2025-09-16 13:51:27.300,T00001275,1275,178.94,53,B,,,
AAPL.P.XNAS,XNAS,2025-09-16 13:51:28.200,T00001276,1276,182.95000000000002,15,B,,,
AAPL.P.XNAS,XNAS,2025-09-16 13:51:29.000,T00001277,1277,182.63,11,B,,,
AAPL.P.XNAS,XNAS,2025-09-16 13:51:29.400,T00001278,1278,184.91,10,B,,,
AAPL.P.XNAS,XNAS,2025-09-16 13:51:30.200,T00001279,1279,182.5,12,B,,,
AAPL.P.XNAS,XNAS,2025-09-16 13:51:31.300,T00001280,1280,190.69,50,S,,,
AAPL.P.XNAS,XNAS,2025-09-16 13:51:32.300,T00001281,1281,187.04,12,B,,,
AAPL.P.XNAS,XNAS,2025-09-16 13:51:32.400,T00001282,1282,185.97,13,S,,,
AAPL.P.XNAS,XNAS,2025-09-16 13:51:34.900,T00001283,1283,185.01,26,S,,,
AAPL.P.XNAS,XNAS,2025-09-16 13:51:35.100,T00001284,1284,185.02,15,S,,,
AAPL.P.XNAS,XNAS,2025-09-16 13:51:35.500,T00001285,1285,185.29,13,S,,,
AAPL.P.XNAS,XNAS,2025-09-16 13:51:37.200,T00001286,1286,184.21,15,S,,,
AAPL.P.XNAS,XNAS,2025-09-16 13:51:37.600,T00001287,1287,183.54,15,B,,,
AAPL.P.XNAS,XNAS,2025-09-16 13:51:37.700,T00001288,1288,181.71,43,S,,,
AAPL.P.XNAS,XNAS,2025-09-16 13:51:41.400,T00001289,1289,174.62,13,S,,,
AAPL.P.XNAS,XNAS,2025-09-16 13:51:42.200,T00001290,1290,172.61,15,B,,,
AAPL.P.XNAS,XNAS,2025-09-16 13:51:43.400,T00001291,1291,173.19,14,B,,,
AAPL.P.XNAS,XNAS,2025-09-16 13:51:43.800,T00001292,1292,172.22,20,B,,,
AAPL.P.XNAS,XNAS,2025-09-16 13:51:45.500,T00001293,1293,175.21,12,B,,,
AAPL.P.XNAS,XNAS,2025-09-16 13:51:46.300,T00001294,1294,176.43,10,S,,,
AAPL.P.XNAS,XNAS,2025-09-16 13:51:46.400,T00001295,1295,177.33,12,S,,,
AAPL.P.XNAS,XNAS,2025-09-16 13:51:48.900,T00001296,1296,180.28,14,B,,,
AAPL.P.XNAS,XNAS,2025-09-16 13:51:50.200,T00001297,1297,178.03,21,B,,,
AAPL.P.XNAS,XNAS,2025-09-16 13:51:53.700,T00001298,1298,179.86,32,B,,,
AAPL.P.XNAS,XNAS,2025-09-16 13:51:54.000,T00001299,1299,181.39000000000001,55,S,,,
AAPL.P.XNAS,XNAS,2025-09-16 13:51:54.500,T00001300,1300,182.02,22,B,,,
AAPL.P.XNAS,XNAS,2025-09-16 13:51:54.700,T00001301,1301,179.38,12,S,,,
AAPL.P.XNAS,XNAS,2025-09-16 13:51:56.400,T00001302,1302,178.33,51,S,,,
AAPL.P.XNAS,XNAS,2025-09-16 13:51:58.500,T00001303,1303,179.54,4,S,,,
AAPL.P.XNAS,XNAS,2025-09-16 13:51:59.700,T00001304,1304,176.27,22,S,,,
AAPL.P.XNAS,XNAS,2025-09-16 13:51:59.800,T00001305,1305,175.89000000000001,39,B,,,
AAPL.P.XNAS,XNAS,2025-09-16 13:52:00.500,T00001306,1306,173.66,67,S,,,
AAPL.P.XNAS,XNAS,2025-09-16 13:52:01.300,T00001307,1307,173.45000000000002,14,S,,,
AAPL.P.XNAS,XNAS,2025-09-16 13:52:02.200,T00001308,1308,180.02,14,S,,,
AAPL.P.XNAS,XNAS,2025-09-16 13:52:02.600,T00001309,1309,179.53,15,B,,,
AAPL.P.XNAS,XNAS,2025-09-16 13:52:02.900,T00001310,1310,180.08,18,S,,,
AAPL.P.XNAS,XNAS,2025-09-16 13:52:03.800,T00001311,1311,177.64000000000001,66,B,,,
AAPL.P.XNAS,XNAS,2025-09-16 13:52:04.100,T00001312,1312,178.46,17,B,,,
AAPL.P.XNAS,XNAS,2025-09-16 13:52:05.000,T00001313,1313,179.75,28,S,,,
AAPL.P.XNAS,XNAS,2025-09-16 13:52:05.100,T00001314,1314,180.19,77,B,,,
AAPL.P.XNAS,XNAS,2025-09-16 13:52:07.500,T00001315,1315,181.53,10,S,,,
AAPL.P.XNAS,XNAS,2025-09-16 13:52:07.700,T00001316,1316,181.61,11,S,,,
AAPL.P.XNAS,XNAS,2025-09-16 13:52:08.800,T00001317,1317,183.55,17,S,,,
AAPL.P.XNAS,XNAS,2025-09-16 13:52:10.900,T00001318,1318,181.37,26,S,,,
AAPL.P.XNAS,XNAS,2025-09-16 13:52:12.100,T00001319,1319,183.45000000000002,23,S,,,
AAPL.P.XNAS,XNAS,2025-09-16 13:52:12.900,T00001320,1320,182.20000000000002,33,S,,,
AAPL.P.XNAS,XNAS,2025-09-16 13:52:13.000,T00001321,1321,182.59,12,S,,,
AAPL.P.XNAS,XNAS,2025-09-16 13:52:14.600,T00001322,1322,180.79,15,B,,,
AAPL.P.XNAS,XNAS,2025-09-16 13:52:15.100,T00001323,1323,180.16,19,B,,,
AAPL.P.XNAS,XNAS,2025-09-16 13:52:17.200,T00001324,1324,176.73,21,S,,,
AAPL.P.XNAS,XNAS,2025-09-16 13:52:17.600,T00001325,1325,175.28,12,S,,,
AAPL.P.XNAS,XNAS,2025-09-16 13:52:18.200,T00001326,1326,174.71,37,B,,,
AAPL.P.XNAS,XNAS,2025-09-16 13:52:20.400,T00001327,1327,170.03,14,S,,,
AAPL.P.XNAS,XNAS,2025-09-16 13:52:21.000,T00001328,1328,171.06,14,S,,,
AAPL.P.XNAS,XNAS,2025-09-16 13:52:22.200,T00001329,1329,170.29,15,B,,,
AAPL.P.XNAS,XNAS,2025-09-16 13:52:22.500,T00001330,1330,169.14000000000001,37,S,,,
AAPL.P.XNAS,XNAS,2025-09-16 13:52:22.600,T00001331,1331,170.13,12,S,,,
AAPL.P.XNAS,XNAS,2025-09-16 13:52:23.500,T00001332,1332,173.28,29,B,,,
AAPL.P.XNAS,XNAS,2025-09-16 13:52:23.600,T00001333,1333,173.3,20,S,,,
AAPL.P.XNAS,XNAS,2025-09-16 13:52:24.100,T00001334,1334,172.42000000000002,10,B,,,
AAPL.P.XNAS,XNAS,2025-09-16 13:52:26.200,T00001335,1335,177.94,133,B,,,
AAPL.P.XNAS,XNAS,2025-09-16 13:52:26.900,T00001336,1336,180.03,14,S,,,
AAPL.P.XNAS,XNAS,2025-09-16 13:52:27.100,T00001337,1337,178.34,22,S,,,
AAPL.P.XNAS,XNAS,2025-09-16 13:52:27.700,T00001338,1338,179.41,17,B,,,
AAPL.P.XNAS,XNAS,2025-09-16 13:52:28.200,T00001339,1339,180.53,21,S,,,
AAPL.P.XNAS,XNAS,2025-09-16 13:52:28.400,T00001340,1340,182.07,16,B,,,
AAPL.P.XNAS,XNAS,2025-09-16 13:52:29.400,T00001341,1341,182.59,61,B,,,
AAPL.P.XNAS,XNAS,2025-09-16 13:52:31.300,T00001342,1342,186.55,39,S,,,
AAPL.P.XNAS,XNAS,2025-09-16 13:52:32.000,T00001343,1343,185.19,36,S,,,
AAPL.P.XNAS,XNAS,2025-09-16 13:52:32.700,T00001344,1344,186.57,9,S,,,
AAPL.P.XNAS,XNAS,2025-09-16 13:52:33.600,T00001345,1345,184.45000000000002,11,B,,,
AAPL.P.XNAS,XNAS,2025-09-16 13:52:34.300,T00001346,1346,179.63,17,S,,,
AAPL.P.XNAS,XNAS,2025-09-16 13:52:34.600,T00001347,1347,179.29,30,S,,,
AAPL.P.XNAS,XNAS,2025-09-16 13:52:35.200,T00001348,1348,178.11,46,B,,,
AAPL.P.XNAS,XNAS,2025-09-16 13:52:36.200,T00001349,1349,177.1,53,S,,,
AAPL.P.XNAS,XNAS,2025-09-16 13:52:36.400,T00001350,1350,175.52,117,S,,,
AAPL.P.XNAS,XNAS,2025-09-16 13:52:36.800,T00001351,1351,172.98,31,B,,,
AAPL.P.XNAS,XNAS,2025-09-16 13:52:38.800,T00001352,1352,174.42000000000002,39,B,,,
AAPL.P.XNAS,XNAS,2025-09-16 13:52:39.300,T00001353,1353,172.8,24,S,,,
AAPL.P.XNAS,XNAS,2025-09-16 13:52:39.600,T00001354,1354,172.31,44,B,,,
AAPL.P.XNAS,XNAS,2025-09-16 13:52:40.600,T00001355,1355,170.57,27,B,,,
AAPL.P.XNAS,XNAS,2025-09-16 13:52:41.200,T00001356,1356,166.09,45,S,,,
AAPL.P.XNAS,XNAS,2025-09-16 13:52:41.800,T00001357,1357,169.95000000000002,37,B,,,
AAPL.P.XNAS,XNAS,2025-09-16 13:52:43.100,T00001358,1358,171.05,10,B,,,
AAPL.P.XNAS,XNAS,2025-09-16 13:52:44.600,T00001359,1359,177.61,46,S,,,
AAPL.P.XNAS,XNAS,2025-09-16 13:52:45.600,T00001360,1360,177.56,82,B,,,
AAPL.P.XNAS,XNAS,2025-09-16 13:52:51.700,T00001361,1361,185.98,14,S,,,
AAPL.P.XNAS,XNAS,2025-09-16 13:52:52.800,T00001362,1362,184.0,20,S,,,
AAPL.P.XNAS,XNAS,2025-09-16 13:52:55.200,T00001363,1363,188.43,22,B,,,
AAPL.P.XNAS,XNAS,2025-09-16 13:52:55.300,T00001364,1364,187.85,14,S,,,
AAPL.P.XNAS,XNAS,2025-09-16 13:52:57.500,T00001365,1365,190.68,14,B,,,
AAPL.P.XNAS,XNAS,2025-09-16 13:52:57.800,T00001366,1366,189.79,13,B,,,
AAPL.P.XNAS,XNAS,2025-09-16 13:52:58.000,T00001367,1367,189.59,28,S,,,
AAPL.P.XNAS,XNAS,2025-09-16 13:52:58.100,T00001368,1368,189.04,11,B,,,
AAPL.P.XNAS,XNAS,2025-09-16 13:52:59.000,T00001369,1369,184.89000000000001,12,B,,,
AAPL.P.XNAS,XNAS,2025-09-16 13:53:00.000,T00001370,1370,187.21,12,B,,,
AAPL.P.XNAS,XNAS,2025-09-16 13:53:00.200,T00001371,1371,186.41,20,B,,,
AAPL.P.XNAS,XNAS,2025-09-16 13:53:00.700,T00001372,1372,185.42000000000002,128,S,,,
AAPL.P.XNAS,XNAS,2025-09-16 13:53:02.600,T00001373,1373,188.08,27,B,,,
AAPL.P.XNAS,XNAS,2025-09-16 13:53:03.700,T00001374,1374,184.82000000000002,11,S,,,
AAPL.P.XNAS,XNAS,2025-09-16 13:53:05.600,T00001375,1375,189.93,14,S,,,
AAPL.P.XNAS,XNAS,2025-09-16 13:53:06.500,T00001376,1376,189.94000000000003,11,S,,,
AAPL.P.XNAS,XNAS,2025-09-16 13:53:07.800,T00001377,1377,183.13000000000002,17,S,,,
AAPL.P.XNAS,XNAS,2025-09-16 13:53:12.100,T00001378,1378,181.52,34,S,,,
AAPL.P.XNAS,XNAS,2025-09-16 13:53:14.400,T00001379,1379,178.46,126,S,,,
AAPL.P.XNAS,XNAS,2025-09-16 13:53:15.700,T00001380,1380,176.49,10,B,,,
AAPL.P.XNAS,XNAS,2025-09-16 13:53:16.000,T00001381,1381,175.14000000000001,13,B,,,
AAPL.P.XNAS,XNAS,2025-09-16 13:53:20.200,T00001382,1382,179.96,15,S,,,
AAPL.P.XNAS,XNAS,2025-09-16 13:53:20.700,T00001383,1383,177.09,11,S,,,
AAPL.P.XNAS,XNAS,2025-09-16 13:53:22.500,T00001384,1384,182.1,20,B,,,
AAPL.P.XNAS,XNAS,2025-09-16 13:53:23.500,T00001385,1385,181.31,17,S,,,
AAPL.P.XNAS,XNAS,2025-09-16 13:53:23.900,T00001386,1386,179.52,39,B,,,
AAPL.P.XNAS,XNAS,2025-09-16 13:53:25.500,T00001387,1387,181.21,48,S,,,
AAPL.P.XNAS,XNAS,2025-09-16 13:53:27.000,T00001388,1388,182.07,14,S,,,
AAPL.P.XNAS,XNAS,2025-09-16 13:53:27.900,T00001389,1389,182.92000000000002,27,B,,,
AAPL.P.XNAS,XNAS,2025-09-16 13:53:28.400,T00001390,1390,181.53,14,B,,,
AAPL.P.XNAS,XNAS,2025-09-16 13:53:29.200,T00001391,1391,181.04,14,S,,,
AAPL.P.XNAS,XNAS,2025-09-16 13:53:29.700,T00001392,1392,184.03,11,S,,,
