instrument_id,venue,ts_event,trade_id,event_seq,price,quantity,aggressor_side,trade_condition,buyer_id,seller_id
SPY.P.ARCA,ARCA,2025-09-15 13:30:01.100,T00000000,0,448.06,21,S,,,
SPY.P.ARCA,ARCA,2025-09-15 13:30:01.700,T00000001,1,446.13,46,S,,,
SPY.P.ARCA,ARCA,2025-09-15 13:30:02.600,T00000002,2,442.18,17,B,,,
SPY.P.ARCA,ARCA,2025-09-15 13:30:03.300,T00000003,3,434.83,22,B,,,
SPY.P.ARCA,ARCA,2025-09-15 13:30:05.500,T00000004,4,434.13,12,S,,,
SPY.P.ARCA,ARCA,2025-09-15 13:30:07.500,T00000005,5,435.26,27,S,,,
SPY.P.ARCA,ARCA,2025-09-15 13:30:08.500,T00000006,6,434.01,23,B,,,
SPY.P.ARCA,ARCA,2025-09-15 13:30:09.100,T00000007,7,439.32,91,B,,,
SPY.P.ARCA,ARCA,2025-09-15 13:30:09.600,T00000008,8,438.67,25,S,,,
SPY.P.ARCA,ARCA,2025-09-15 13:30:10.500,T00000009,9,440.64,12,S,,,
SPY.P.ARCA,ARCA,2025-09-15 13:30:11.500,T00000010,10,446.78000000000003,23,B,,,
SPY.P.ARCA,ARCA,2025-09-15 13:30:12.700,T00000011,11,449.8,84,B,,,
SPY.P.ARCA,ARCA,2025-09-15 13:30:13.300,T00000012,12,446.56,10,B,,,
SPY.P.ARCA,ARCA,2025-09-15 13:30:13.400,T00000013,13,446.36,12,S,,,
SPY.P.ARCA,ARCA,2025-09-15 13:30:14.100,T00000014,14,445.41,12,B,,,
SPY.P.ARCA,ARCA,2025-09-15 13:30:14.300,T00000015,15,446.27,12,B,,,
SPY.P.ARCA,ARCA,2025-09-15 13:30:16.000,T00000016,16,443.51,16,S,,,
SPY.P.ARCA,ARCA,2025-09-15 13:30:16.200,T00000017,17,445.39,18,S,,,
SPY.P.ARCA,ARCA,2025-09-15 13:30:16.500,T00000018,18,445.06,49,B,,,
SPY.P.ARCA,ARCA,2025-09-15 13:30:17.500,T00000019,19,449.04,77,S,,,
SPY.P.ARCA,ARCA,2025-09-15 13:30:18.100,T00000020,20,450.73,23,B,,,
SPY.P.ARCA,ARCA,2025-09-15 13:30:18.500,T00000021,21,452.18,11,B,,,
SPY.P.ARCA,ARCA,2025-09-15 13:30:20.900,T00000022,22,455.42,42,B,,,
SPY.P.ARCA,ARCA,2025-09-15 13:30:21.300,T00000023,23,454.62,15,S,,,
SPY.P.ARCA,ARCA,2025-09-15 13:30:24.000,T00000024,24,446.11,12,S,,,
SPY.P.ARCA,ARCA,2025-09-15 13:30:27.900,T00000025,25,452.67,105,S,,,
SPY.P.ARCA,ARCA,2025-09-15 13:30:28.000,T00000026,26,454.53000000000003,29,S,,,
SPY.P.ARCA,ARCA,2025-09-15 13:30:29.500,T00000027,27,447.44,143,S,,,
SPY.P.ARCA,ARCA,2025-09-15 13:30:29.600,T00000028,28,444.65000000000003,40,S,,,
SPY.P.ARCA,ARCA,2025-09-15 13:30:31.600,T00000029,29,438.6,54,S,,,
SPY.P.ARCA,ARCA,2025-09-15 13:30:32.400,T00000030,30,444.38,34,B,,,
SPY.P.ARCA,ARCA,2025-09-15 13:30:34.000,T00000031,31,446.42,50,B,,,
SPY.P.ARCA,ARCA,2025-09-15 13:30:35.500,T00000032,32,451.11,10,B,,,
SPY.P.ARCA,ARCA,2025-09-15 13:30:35.800,T00000033,33,452.23,15,B,,,
SPY.P.ARCA,ARCA,2025-09-15 13:30:36.700,T00000034,34,453.3,15,B,,,
SPY.P.ARCA,ARCA,2025-09-15 13:30:37.800,T00000035,35,452.18,11,S,,,
SPY.P.ARCA,ARCA,2025-09-15 13:30:39.000,T00000036,36,452.31,48,S,,,
SPY.P.ARCA,ARCA,2025-09-15 13:30:39.300,T00000037,37,450.69,18,S,,,
SPY.P.ARCA,ARCA,2025-09-15 13:30:39.400,T00000038,38,451.17,16,S,,,
SPY.P.ARCA,ARCA,2025-09-15 13:30:39.800,T00000039,39,451.47,15,B,,,
SPY.P.ARCA,ARCA,2025-09-15 13:30:40.900,T00000040,40,459.66,77,B,,,
SPY.P.ARCA,ARCA,2025-09-15 13:30:43.900,T00000041,41,455.45,20,B,,,
SPY.P.ARCA,ARCA,2025-09-15 13:30:45.600,T00000042,42,459.19,24,B,,,
SPY.P.ARCA,ARCA,2025-09-15 13:30:46.100,T00000043,43,453.09000000000003,12,S,,,
SPY.P.ARCA,ARCA,2025-09-15 13:30:47.300,T00000044,44,452.02000000000004,13,S,,,
SPY.P.ARCA,ARCA,2025-09-15 13:30:48.900,T00000045,45,446.08,22,S,,,
SPY.P.ARCA,ARCA,2025-09-15 13:30:49.400,T00000046,46,448.96000000000004,84,B,,,
SPY.P.ARCA,ARCA,2025-09-15 13:30:52.300,T00000047,47,443.87,26,B,,,
SPY.P.ARCA,ARCA,2025-09-15 13:30:54.100,T00000048,48,450.73,10,B,,,
SPY.P.ARCA,ARCA,2025-09-15 13:30:54.800,T00000049,49,452.33,33,S,,,
SPY.P.ARCA,ARCA,2025-09-15 13:30:55.900,T00000050,50,447.93,17,S,,,
SPY.P.ARCA,ARCA,2025-09-15 13:31:00.300,T00000051,51,441.0,14,B,,,
SPY.P.ARCA,ARCA,2025-09-15 13:31:00.600,T00000052,52,444.23,10,B,,,
SPY.P.ARCA,ARCA,2025-09-15 13:31:01.600,T00000053,53,443.43,67,B,,,
SPY.P.ARCA,ARCA,2025-09-15 13:31:02.100,T00000054,54,445.29,33,S,,,
SPY.P.ARCA,ARCA,2025-09-15 13:31:05.500,T00000055,55,450.68,22,B,,,
SPY.P.ARCA,ARCA,2025-09-15 13:31:05.600,T00000056,56,449.84000000000003,24,B,,,
SPY.P.ARCA,ARCA,2025-09-15 13:31:07.000,T00000057,57,453.41,12,B,,,
SPY.P.ARCA,ARCA,2025-09-15 13:31:08.400,T00000058,58,448.1,21,B,,,
SPY.P.ARCA,ARCA,2025-09-15 13:31:08.600,T00000059,59,450.72,14,S,,,
SPY.P.ARCA,ARCA,2025-09-15 13:31:08.900,T00000060,60,451.09000000000003,16,B,,,
SPY.P.ARCA,ARCA,2025-09-15 13:31:09.000,T00000061,61,452.66,33,B,,,
SPY.P.ARCA,ARCA,2025-09-15 13:31:09.700,T00000062,62,454.89,45,B,,,
SPY.P.ARCA,ARCA,2025-09-15 13:31:10.100,T00000063,63,455.65000000000003,48,B,,,
SPY.P.ARCA,ARCA,2025-09-15 13:31:11.200,T00000064,64,457.66,15,S,,,
SPY.P.ARCA,ARCA,2025-09-15 13:31:11.600,T00000065,65,461.28000000000003,54,B,,,
SPY.P.ARCA,ARCA,2025-09-15 13:31:12.400,T00000066,66,458.03000000000003,13,B,,,
SPY.P.ARCA,ARCA,2025-09-15 13:31:12.500,T00000067,67,458.37,52,B,,,
SPY.P.ARCA,ARCA,2025-09-15 13:31:13.300,T00000068,68,459.03000000000003,47,S,,,
SPY.P.ARCA,ARCA,2025-09-15 13:31:14.100,T00000069,69,458.52,43,S,,,
SPY.P.ARCA,ARCA,2025-09-15 13:31:14.900,T00000070,70,454.92,81,S,,,
SPY.P.ARCA,ARCA,2025-09-15 13:31:15.200,T00000071,71,450.3,39,S,,,
SPY.P.ARCA,ARCA,2025-09-15 13:31:16.500,T00000072,72,443.94,12,B,,,
SPY.P.ARCA,ARCA,2025-09-15 13:31:16.700,T00000073,73,443.85,14,B,,,
SPY.P.ARCA,ARCA,2025-09-15 13:31:17.700,T00000074,74,442.11,13,B,,,
SPY.P.ARCA,ARCA,2025-09-15 13:31:20.000,T00000075,75,440.97,28,S,,,
SPY.P.ARCA,ARCA,2025-09-15 13:31:20.600,T00000076,76,441.5,65,B,,,
SPY.P.ARCA,ARCA,2025-09-15 13:31:21.400,T00000077,77,443.85,14,B,,,
SPY.P.ARCA,ARCA,2025-09-15 13:31:22.100,T00000078,78,447.98,26,S,,,
SPY.P.ARCA,ARCA,2025-09-15 13:31:22.800,T00000079,79,449.92,12,S,,,
SPY.P.ARCA,ARCA,2025-09-15 13:31:26.300,T00000080,80,447.62,35,S,,,
SPY.P.ARCA,ARCA,2025-09-15 13:31:27.000,T00000081,81,449.01,6,B,,,
SPY.P.ARCA,ARCA,2025-09-15 13:31:28.500,T00000082,82,441.41,14,S,,,
SPY.P.ARCA,ARCA,2025-09-15 13:31:29.500,T00000083,83,443.87,77,B,,,
SPY.P.ARCA,ARCA,2025-09-15 13:31:29.800,T00000084,84,443.85,12,S,,,
SPY.P.ARCA,ARCA,2025-09-15 13:31:30.200,T00000085,85,448.75,14,B,,,
SPY.P.ARCA,ARCA,2025-09-15 13:31:30.400,T00000086,86,450.88,52,B,,,
SPY.P.ARCA,ARCA,2025-09-15 13:31:31.300,T00000087,87,449.42,43,B,,,
SPY.P.ARCA,ARCA,2025-09-15 13:31:32.000,T00000088,88,449.22,32,S,,,
SPY.P.ARCA,ARCA,2025-09-15 13:31:33.100,T00000089,89,454.73,12,S,,,
SPY.P.ARCA,ARCA,2025-09-15 13:31:35.500,T00000090,90,450.96000000000004,39,B,,,
SPY.P.ARCA,ARCA,2025-09-15 13:31:39.100,T00000091,91,458.65000000000003,25,B,,,
SPY.P.ARCA,ARCA,2025-09-15 13:31:39.800,T00000092,92,455.23,11,S,,,
SPY.P.ARCA,ARCA,2025-09-15 13:31:42.100,T00000093,93,453.94,34,S,,,
SPY.P.ARCA,ARCA,2025-09-15 13:31:42.600,T00000094,94,449.31,29,B,,,
SPY.P.ARCA,ARCA,2025-09-15 13:31:45.800,T00000095,95,443.86,50,S,,,
SPY.P.ARCA,ARCA,2025-09-15 13:31:46.700,T00000096,96,444.02,34,S,,,
SPY.P.ARCA,ARCA,2025-09-15 13:31:47.300,T00000097,97,442.42,53,S,,,
SPY.P.ARCA,ARCA,2025-09-15 13:31:47.900,T00000098,98,443.54,11,S,,,
SPY.P.ARCA,ARCA,2025-09-15 13:31:48.900,T00000099,99,443.93,32,B,,,
SPY.P.ARCA,ARCA,2025-09-15 13:31:50.700,T00000100,100,446.07,13,S,,,
SPY.P.ARCA,ARCA,2025-09-15 13:31:51.700,T00000101,101,445.58000000000004,40,S,,,
SPY.P.ARCA,ARCA,2025-09-15 13:31:52.800,T00000102,102,450.66,18,B,,,
SPY.P.ARCA,ARCA,2025-09-15 13:31:55.500,T00000103,103,452.85,19,S,,,
SPY.P.ARCA,ARCA,2025-09-15 13:31:56.400,T00000104,104,454.73,13,S,,,
SPY.P.ARCA,ARCA,2025-09-15 13:31:56.800,T00000105,105,453.46000000000004,13,B,,,
SPY.P.ARCA,ARCA,2025-09-15 13:31:58.000,T00000106,106,455.89,12,B,,,
SPY.P.ARCA,ARCA,2025-09-15 13:31:58.100,T00000107,107,457.17,15,B,,,
SPY.P.ARCA,ARCA,2025-09-15 13:31:58.600,T00000108,108,456.38,33,B,,,
SPY.P.ARCA,ARCA,2025-09-15 13:32:00.400,T00000109,109,460.29,13,S,,,
SPY.P.ARCA,ARCA,2025-09-15 13:32:02.100,T00000110,110,459.84000000000003,17,B,,,
SPY.P.ARCA,ARCA,2025-09-15 13:32:02.400,T00000111,111,460.58,22,S,,,
SPY.P.ARCA,ARCA,2025-09-15 13:32:02.600,T00000112,112,461.08,84,S,,,
SPY.P.ARCA,ARCA,2025-09-15 13:32:02.800,T00000113,113,456.85,17,S,,,
SPY.P.ARCA,ARCA,2025-09-15 13:32:03.400,T00000114,114,455.55,11,B,,,
SPY.P.ARCA,ARCA,2025-09-15 13:32:03.800,T00000115,115,455.12,25,B,,,
SPY.P.ARCA,ARCA,2025-09-15 13:32:04.800,T00000116,116,457.27000000000004,28,S,,,
SPY.P.ARCA,ARCA,2025-09-15 13:32:06.300,T00000117,117,451.09000000000003,17,B,,,
SPY.P.ARCA,ARCA,2025-09-15 13:32:06.700,T00000118,118,454.56,14,B,,,
SPY.P.ARCA,ARCA,2025-09-15 13:32:07.000,T00000119,119,454.16,16,S,,,
SPY.P.ARCA,ARCA,2025-09-15 13:32:08.900,T00000120,120,455.8,55,S,,,
SPY.P.ARCA,ARCA,2025-09-15 13:32:09.700,T00000121,121,454.78000000000003,15,S,,,
SPY.P.ARCA,ARCA,2025-09-15 13:32:11.500,T00000122,122,455.31,58,B,,,
SPY.P.ARCA,ARCA,2025-09-15 13:32:11.700,T00000123,123,457.21000000000004,17,S,,,
SPY.P.ARCA,ARCA,2025-09-15 13:32:13.400,T00000124,124,460.89,30,B,,,
SPY.P.ARCA,ARCA,2025-09-15 13:32:15.500,T00000125,125,454.02,23,B,,,
SPY.P.ARCA,ARCA,2025-09-15 13:32:18.500,T00000126,126,458.14,19,B,,,
SPY.P.ARCA,ARCA,2025-09-15 13:32:20.200,T00000127,127,457.08,22,B,,,
SPY.P.ARCA,ARCA,2025-09-15 13:32:22.700,T00000128,128,456.78000000000003,14,B,,,
SPY.P.ARCA,ARCA,2025-09-15 13:32:23.600,T00000129,129,460.54,40,B,,,
SPY.P.ARCA,ARCA,2025-09-15 13:32:24.300,T00000130,130,461.42,9,S,,,
SPY.P.ARCA,ARCA,2025-09-15 13:32:24.400,T00000131,131,461.48,19,B,,,
SPY.P.ARCA,ARCA,2025-09-15 13:32:28.600,T00000132,132,451.39,32,B,,,
SPY.P.ARCA,ARCA,2025-09-15 13:32:28.700,T00000133,133,451.68,18,B,,,
SPY.P.ARCA,ARCA,2025-09-15 13:32:30.900,T00000134,134,454.36,42,B,,,
SPY.P.ARCA,ARCA,2025-09-15 13:32:31.900,T00000135,135,450.6,26,B,,,
SPY.P.ARCA,ARCA,2025-09-15 13:32:32.300,T00000136,136,446.55,15,S,,,
SPY.P.ARCA,ARCA,2025-09-15 13:32:33.500,T00000137,137,441.84000000000003,49,S,,,
SPY.P.ARCA,ARCA,2025-09-15 13:32:34.200,T00000138,138,442.49,27,B,,,
SPY.P.ARCA,ARCA,2025-09-15 13:32:34.600,T00000139,139,447.3,40,S,,,
SPY.P.ARCA,ARCA,2025-09-15 13:32:36.200,T00000140,140,450.38,17,B,,,
SPY.P.ARCA,ARCA,2025-09-15 13:32:39.800,T00000141,141,457.81,40,B,,,
SPY.P.ARCA,ARCA,2025-09-15 13:32:40.900,T00000142,142,453.53000000000003,32,B,,,
SPY.P.ARCA,ARCA,2025-09-15 13:32:41.000,T00000143,143,451.98,14,S,,,
SPY.P.ARCA,ARCA,2025-09-15 13:32:44.200,T00000144,144,452.72,14,S,,,
SPY.P.ARCA,ARCA,2025-09-15 13:32:44.700,T00000145,145,454.44,36,B,,,
SPY.P.ARCA,ARCA,2025-09-15 13:32:46.000,T00000146,146,456.52,18,S,,,
SPY.P.ARCA,ARCA,2025-09-15 13:32:46.500,T00000147,147,454.45000000000005,18,S,,,
SPY.P.ARCA,ARCA,2025-09-15 13:32:46.900,T00000148,148,452.28000000000003,54,S,,,
SPY.P.ARCA,ARCA,2025-09-15 13:32:47.100,T00000149,149,454.22,34,B,,,
SPY.P.ARCA,ARCA,2025-09-15 13:32:48.700,T00000150,150,450.99,13,S,,,
SPY.P.ARCA,ARCA,2025-09-15 13:32:49.000,T00000151,151,449.32,36,B,,,
SPY.P.ARCA,ARCA,2025-09-15 13:32:50.000,T00000152,152,448.98,10,S,,,
SPY.P.ARCA,ARCA,2025-09-15 13:32:50.500,T00000153,153,450.12,16,B,,,
SPY.P.ARCA,ARCA,2025-09-15 13:32:51.600,T00000154,154,449.46000000000004,17,B,,,
SPY.P.ARCA,ARCA,2025-09-15 13:32:52.500,T00000155,155,450.75,11,S,,,
SPY.P.ARCA,ARCA,2025-09-15 13:32:54.000,T00000156,156,451.33,16,S,,,
SPY.P.ARCA,ARCA,2025-09-15 13:32:54.700,T00000157,157,453.12,14,B,,,
SPY.P.ARCA,ARCA,2025-09-15 13:32:54.900,T00000158,158,451.90000000000003,13,S,,,
SPY.P.ARCA,ARCA,2025-09-15 13:32:56.300,T00000159,159,449.79,18,B,,,
SPY.P.ARCA,ARCA,2025-09-15 13:32:57.900,T00000160,160,454.85,39,B,,,
SPY.P.ARCA,ARCA,2025-09-15 13:32:58.200,T00000161,161,455.61,30,B,,,
SPY.P.ARCA,ARCA,2025-09-15 13:32:58.600,T00000162,162,453.5,84,S,,,
SPY.P.ARCA,ARCA,2025-09-15 13:33:01.000,T00000163,163,458.34000000000003,14,S,,,
SPY.P.ARCA,ARCA,2025-09-15 13:33:03.100,T00000164,164,453.01,23,B,,,
SPY.P.ARCA,ARCA,2025-09-15 13:33:04.500,T00000165,165,453.40000000000003,19,S,,,
SPY.P.ARCA,ARCA,2025-09-15 13:33:05.100,T00000166,166,448.14,12,S,,,
SPY.P.ARCA,ARCA,2025-09-15 13:33:05.400,T00000167,167,448.77,15,B,,,
SPY.P.ARCA,ARCA,2025-09-15 13:33:05.500,T00000168,168,446.32,19,S,,,
SPY.P.ARCA,ARCA,2025-09-15 13:33:06.300,T00000169,169,453.03,47,B,,,
SPY.P.ARCA,ARCA,2025-09-15 13:33:08.700,T00000170,170,448.5,12,S,,,
SPY.P.ARCA,ARCA,2025-09-15 13:33:08.900,T00000171,171,451.33,45,B,,,
SPY.P.ARCA,ARCA,2025-09-15 13:33:09.300,T00000172,172,453.11,43,B,,,
SPY.P.ARCA,ARCA,2025-09-15 13:33:09.700,T00000173,173,452.19,16,B,,,
SPY.P.ARCA,ARCA,2025-09-15 13:33:11.500,T00000174,174,450.62,68,S,,,
SPY.P.ARCA,ARCA,2025-09-15 13:33:12.600,T00000175,175,453.81,16,B,,,
SPY.P.ARCA,ARCA,2025-09-15 13:33:14.400,T00000176,176,455.95,126,S,,,
SPY.P.ARCA,ARCA,2025-09-15 13:33:15.100,T00000177,177,460.39,15,B,,,
SPY.P.ARCA,ARCA,2025-09-15 13:33:15.700,T00000178,178,455.73,38,S,,,
SPY.P.ARCA,ARCA,2025-09-15 13:33:17.100,T00000179,179,457.22,14,B,,,
SPY.P.ARCA,ARCA,2025-09-15 13:33:20.700,T00000180,180,456.13,27,B,,,
SPY.P.ARCA,ARCA,2025-09-15 13:33:20.900,T00000181,181,456.56,51,B,,,
SPY.P.ARCA,ARCA,2025-09-15 13:33:21.000,T00000182,182,456.24,15,S,,,
SPY.P.ARCA,ARCA,2025-09-15 13:33:21.400,T00000183,183,455.40000000000003,30,B,,,
SPY.P.ARCA,ARCA,2025-09-15 13:33:22.100,T00000184,184,452.44,10,B,,,
SPY.P.ARCA,ARCA,2025-09-15 13:33:23.700,T00000185,185,445.34000000000003,19,S,,,
SPY.P.ARCA,ARCA,2025-09-15 13:33:24.400,T00000186,186,444.78000000000003,19,S,,,
SPY.P.ARCA,ARCA,2025-09-15 13:33:24.800,T00000187,187,444.28000000000003,24,S,,,
SPY.P.ARCA,ARCA,2025-09-15 13:33:25.200,T00000188,188,444.39,105,B,,,
SPY.P.ARCA,ARCA,2025-09-15 13:33:25.600,T00000189,189,444.45,17,S,,,
SPY.P.ARCA,ARCA,2025-09-15 13:33:25.700,T00000190,190,444.79,68,B,,,
SPY.P.ARCA,ARCA,2025-09-15 13:33:27.100,T00000191,191,440.93,14,B,,,
SPY.P.ARCA,ARCA,2025-09-15 13:33:27.300,T00000192,192,442.04,14,B,,,
SPY.P.ARCA,ARCA,2025-09-15 13:33:27.400,T00000193,193,440.84000000000003,32,S,,,
SPY.P.ARCA,ARCA,2025-09-15 13:33:28.000,T00000194,194,439.93,10,B,,,
SPY.P.ARCA,ARCA,2025-09-15 13:33:29.900,T00000195,195,443.3,13,S,,,
SPY.P.ARCA,ARCA,2025-09-15 13:33:31.000,T00000196,196,450.13,33,B,,,
SPY.P.ARCA,ARCA,2025-09-15 13:33:32.300,T00000197,197,454.99,109,S,,,
SPY.P.ARCA,ARCA,2025-09-15 13:33:32.600,T00000198,198,454.29,69,S,,,
SPY.P.ARCA,ARCA,2025-09-15 13:33:32.700,T00000199,199,455.14,110,B,,,
SPY.P.ARCA,ARCA,2025-09-15 13:33:33.400,T00000200,200,448.56,55,B,,,
SPY.P.ARCA,ARCA,2025-09-15 13:33:34.700,T00000201,201,443.15000000000003,24,S,,,
SPY.P.ARCA,ARCA,2025-09-15 13:33:35.000,T00000202,202,441.53000000000003,33,B,,,
SPY.P.ARCA,ARCA,2025-09-15 13:33:35.300,T00000203,203,442.48,15,B,,,
SPY.P.ARCA,ARCA,2025-09-15 13:33:36.700,T00000204,204,439.87,22,S,,,
SPY.P.ARCA,ARCA,2025-09-15 13:33:37.200,T00000205,205,442.93,40,B,,,
SPY.P.ARCA,ARCA,2025-09-15 13:33:37.600,T00000206,206,446.51,22,B,,,
SPY.P.ARCA,ARCA,2025-09-15 13:33:39.000,T00000207,207,442.96000000000004,22,B,,,
SPY.P.ARCA,ARCA,2025-09-15 13:33:41.000,T00000208,208,444.65000000000003,15,B,,,
SPY.P.ARCA,ARCA,2025-09-15 13:33:42.500,T00000209,209,448.76,19,S,,,
SPY.P.ARCA,ARCA,2025-09-15 13:33:44.600,T00000210,210,443.79,17,S,,,
SPY.P.ARCA,ARCA,2025-09-15 13:33:45.300,T00000211,211,448.04,12,S,,,
SPY.P.ARCA,ARCA,2025-09-15 13:33:45.500,T00000212,212,446.76,11,S,,,
SPY.P.ARCA,ARCA,2025-09-15 13:33:46.600,T00000213,213,446.32,19,S,,,
SPY.P.ARCA,ARCA,2025-09-15 13:33:48.400,T00000214,214,447.99,10,S,,,
SPY.P.ARCA,ARCA,2025-09-15 13:33:48.900,T00000215,215,450.24,16,B,,,
SPY.P.ARCA,ARCA,2025-09-15 13:33:49.100,T00000216,216,451.19,144,S,,,
SPY.P.ARCA,ARCA,2025-09-15 13:33:49.200,T00000217,217,449.8,14,S,,,
SPY.P.ARCA,ARCA,2025-09-15 13:33:49.300,T00000218,218,449.25,28,B,,,
SPY.P.ARCA,ARCA,2025-09-15 13:33:50.200,T00000219,219,445.05,119,B,,,
SPY.P.ARCA,ARCA,2025-09-15 13:33:51.900,T00000220,220,452.98,16,S,,,
SPY.P.ARCA,ARCA,2025-09-15 13:33:52.200,T00000221,221,451.37,28,S,,,
SPY.P.ARCA,ARCA,2025-09-15 13:33:52.700,T00000222,222,449.99,12,B,,,
SPY.P.ARCA,ARCA,2025-09-15 13:33:59.800,T00000223,223,442.41,16,B,,,
SPY.P.ARCA,ARCA,2025-09-15 13:34:00.000,T00000224,224,441.37,19,S,,,
SPY.P.ARCA,ARCA,2025-09-15 13:34:01.800,T00000225,225,451.09000000000003,10,S,,,
SPY.P.ARCA,ARCA,2025-09-15 13:34:02.000,T00000226,226,449.2,21,B,,,
SPY.P.ARCA,ARCA,2025-09-15 13:34:02.200,T00000227,227,448.94,43,B,,,
SPY.P.ARCA,ARCA,2025-09-15 13:34:02.300,T00000228,228,450.06,18,B,,,
SPY.P.ARCA,ARCA,2025-09-15 13:34:02.600,T00000229,229,451.76,45,B,,,
SPY.P.ARCA,ARCA,2025-09-15 13:34:02.900,T00000230,230,451.65000000000003,11,S,,,
SPY.P.ARCA,ARCA,2025-09-15 13:34:06.900,T00000231,231,453.56,11,S,,,
SPY.P.ARCA,ARCA,2025-09-15 13:34:08.500,T00000232,232,458.55,16,S,,,
SPY.P.ARCA,ARCA,2025-09-15 13:34:09.000,T00000233,233,455.8,19,B,,,
SPY.P.ARCA,ARCA,2025-09-15 13:34:10.100,T00000234,234,449.97,45,S,,,
SPY.P.ARCA,ARCA,2025-09-15 13:34:10.700,T00000235,235,452.56,11,B,,,
SPY.P.ARCA,ARCA,2025-09-15 13:34:13.800,T00000236,236,452.75,30,B,,,
SPY.P.ARCA,ARCA,2025-09-15 13:34:15.100,T00000237,237,455.18,29,B,,,
SPY.P.ARCA,ARCA,2025-09-15 13:34:15.400,T00000238,238,459.35,57,B,,,
SPY.P.ARCA,ARCA,2025-09-15 13:34:17.800,T00000239,239,449.61,84,B,,,
SPY.P.ARCA,ARCA,2025-09-15 13:34:17.900,T00000240,240,448.92,19,B,,,
SPY.P.ARCA,ARCA,2025-09-15 13:34:18.100,T00000241,241,449.7,10,B,,,
SPY.P.ARCA,ARCA,2025-09-15 13:34:19.300,T00000242,242,451.66,140,B,,,
SPY.P.ARCA,ARCA,2025-09-15 13:34:19.600,T00000243,243,451.63,39,S,,,
SPY.P.ARCA,ARCA,2025-09-15 13:34:20.000,T00000244,244,451.51,61,B,,,
SPY.P.ARCA,ARCA,2025-09-15 13:34:22.700,T00000245,245,451.25,11,B,,,
SPY.P.ARCA,ARCA,2025-09-15 13:34:23.100,T00000246,246,447.14,45,B,,,
SPY.P.ARCA,ARCA,2025-09-15 13:34:23.200,T00000247,247,444.52,32,S,,,
SPY.P.ARCA,ARCA,2025-09-15 13:34:23.800,T00000248,248,448.38,34,B,,,
SPY.P.ARCA,ARCA,2025-09-15 13:34:24.000,T00000249,249,447.62,23,B,,,
SPY.P.ARCA,ARCA,2025-09-15 13:34:26.700,T00000250,250,447.37,16,B,,,
SPY.P.ARCA,ARCA,2025-09-15 13:34:29.500,T00000251,251,441.28000000000003,13,B,,,
SPY.P.ARCA,ARCA,2025-09-15 13:34:30.800,T00000252,252,438.61,19,S,,,
SPY.P.ARCA,ARCA,2025-09-15 13:34:32.900,T00000253,253,442.55,12,S,,,
SPY.P.ARCA,ARCA,2025-09-15 13:34:33.000,T00000254,254,441.35,29,S,,,
SPY.P.ARCA,ARCA,2025-09-15 13:34:33.200,T00000255,255,444.3,52,B,,,
SPY.P.ARCA,ARCA,2025-09-15 13:34:33.600,T00000256,256,444.18,74,S,,,
SPY.P.ARCA,ARCA,2025-09-15 13:34:33.700,T00000257,257,444.58,28,B,,,
SPY.P.ARCA,ARCA,2025-09-15 13:34:34.400,T00000258,258,444.19,29,S,,,
SPY.P.ARCA,ARCA,2025-09-15 13:34:34.700,T00000259,259,445.57,13,S,,,
SPY.P.ARCA,ARCA,2025-09-15 13:34:35.900,T00000260,260,444.53000000000003,21,S,,,
SPY.P.ARCA,ARCA,2025-09-15 13:34:36.500,T00000261,261,442.47,37,S,,,
SPY.P.ARCA,ARCA,2025-09-15 13:34:36.600,T00000262,262,443.0,12,S,,,
SPY.P.ARCA,ARCA,2025-09-15 13:34:38.100,T00000263,263,440.06,47,S,,,
SPY.P.ARCA,ARCA,2025-09-15 13:34:38.300,T00000264,264,441.49,17,B,,,
SPY.P.ARCA,ARCA,2025-09-15 13:34:39.800,T00000265,265,452.3,23,S,,,
SPY.P.ARCA,ARCA,2025-09-15 13:34:40.300,T00000266,266,451.47,16,S,,,
SPY.P.ARCA,ARCA,2025-09-15 13:34:41.300,T00000267,267,452.1,14,B,,,
SPY.P.ARCA,ARCA,2025-09-15 13:34:41.800,T00000268,268,453.66,18,B,,,
SPY.P.ARCA,ARCA,2025-09-15 13:34:43.200,T00000269,269,454.65000000000003,16,B,,,
SPY.P.ARCA,ARCA,2025-09-15 13:34:45.500,T00000270,270,453.15000000000003,33,B,,,
SPY.P.ARCA,ARCA,2025-09-15 13:34:46.400,T00000271,271,453.62,12,S,,,
SPY.P.ARCA,ARCA,2025-09-15 13:34:46.800,T00000272,272,450.12,112,S,,,
SPY.P.ARCA,ARCA,2025-09-15 13:34:46.900,T00000273,273,450.79,13,S,,,
SPY.P.ARCA,ARCA,2025-09-15 13:34:47.900,T00000274,274,453.15000000000003,119,S,,,
SPY.P.ARCA,ARCA,2025-09-15 13:34:48.000,T00000275,275,453.78000000000003,45,B,,,
SPY.P.ARCA,ARCA,2025-09-15 13:34:48.700,T00000276,276,451.57,12,S,,,
SPY.P.ARCA,ARCA,2025-09-15 13:34:49.400,T00000277,277,456.21000000000004,22,B,,,
SPY.P.ARCA,ARCA,2025-09-15 13:34:49.600,T00000278,278,453.90000000000003,15,S,,,
SPY.P.ARCA,ARCA,2025-09-15 13:34:49.800,T00000279,279,453.42,32,S,,,
SPY.P.ARCA,ARCA,2025-09-15 13:34:50.300,T00000280,280,453.53000000000003,25,B,,,
SPY.P.ARCA,ARCA,2025-09-15 13:34:53.000,T00000281,281,457.39,12,B,,,
SPY.P.ARCA,ARCA,2025-09-15 13:34:53.600,T00000282,282,456.09,19,B,,,
SPY.P.ARCA,ARCA,2025-09-15 13:34:54.900,T00000283,283,448.04,34,S,,,
SPY.P.ARCA,ARCA,2025-09-15 13:34:55.800,T00000284,284,449.61,4,S,,,
SPY.P.ARCA,ARCA,2025-09-15 13:34:56.300,T00000285,285,449.27,39,B,,,
SPY.P.ARCA,ARCA,2025-09-15 13:34:57.200,T00000286,286,444.45,17,B,,,
SPY.P.ARCA,ARCA,2025-09-15 13:35:00.200,T00000287,287,443.18,53,S,,,
SPY.P.ARCA,ARCA,2025-09-15 13:35:01.300,T00000288,288,446.96000000000004,9,S,,,
SPY.P.ARCA,ARCA,2025-09-15 13:35:01.900,T00000289,289,444.82,48,B,,,
SPY.P.ARCA,ARCA,2025-09-15 13:35:02.700,T00000290,290,448.01,100,S,,,
SPY.P.ARCA,ARCA,2025-09-15 13:35:03.300,T00000291,291,451.6,11,B,,,
SPY.P.ARCA,ARCA,2025-09-15 13:35:03.600,T00000292,292,451.22,61,S,,,
SPY.P.ARCA,ARCA,2025-09-15 13:35:04.200,T00000293,293,450.51,26,B,,,
SPY.P.ARCA,ARCA,2025-09-15 13:35:04.900,T00000294,294,452.33,19,S,,,
SPY.P.ARCA,ARCA,2025-09-15 13:35:06.700,T00000295,295,450.67,98,S,,,
SPY.P.ARCA,ARCA,2025-09-15 13:35:09.600,T00000296,296,451.76,17,B,,,
SPY.P.ARCA,ARCA,2025-09-15 13:35:11.000,T00000297,297,447.13,33,S,,,
SPY.P.ARCA,ARCA,2025-09-15 13:35:13.800,T00000298,298,447.6,11,B,,,
SPY.P.ARCA,ARCA,2025-09-15 13:35:14.100,T00000299,299,449.5,126,S,,,
SPY.P.ARCA,ARCA,2025-09-15 13:35:14.600,T00000300,300,454.87,11,S,,,
SPY.P.ARCA,ARCA,2025-09-15 13:35:16.100,T00000301,301,456.26,12,B,,,
SPY.P.ARCA,ARCA,2025-09-15 13:35:16.600,T00000302,302,454.90000000000003,16,B,,,
SPY.P.ARCA,ARCA,2025-09-15 13:35:18.000,T00000303,303,451.08,34,B,,,
SPY.P.ARCA,ARCA,2025-09-15 13:35:19.900,T00000304,304,441.8,29,S,,,
SPY.P.ARCA,ARCA,2025-09-15 13:35:20.000,T00000305,305,442.5,27,S,,,
SPY.P.ARCA,ARCA,2025-09-15 13:35:20.900,T00000306,306,445.46000000000004,20,S,,,
SPY.P.ARCA,ARCA,2025-09-15 13:35:21.900,T00000307,307,448.23,29,B,,,
SPY.P.ARCA,ARCA,2025-09-15 13:35:22.000,T00000308,308,447.18,47,S,,,
SPY.P.ARCA,ARCA,2025-09-15 13:35:22.500,T00000309,309,446.37,18,S,,,
SPY.P.ARCA,ARCA,2025-09-15 13:35:24.000,T00000310,310,449.43,33,B,,,
SPY.P.ARCA,ARCA,2025-09-15 13:35:24.400,T00000311,311,448.82,18,S,,,
SPY.P.ARCA,ARCA,2025-09-15 13:35:31.300,T00000312,312,452.71000000000004,24,B,,,
SPY.P.ARCA,ARCA,2025-09-15 13:35:32.300,T00000313,313,448.17,85,B,,,
SPY.P.ARCA,ARCA,2025-09-15 13:35:32.800,T00000314,314,445.44,48,S,,,
SPY.P.ARCA,ARCA,2025-09-15 13:35:33.900,T00000315,315,445.36,30,S,,,
SPY.P.ARCA,ARCA,2025-09-15 13:35:34.000,T00000316,316,445.93,12,B,,,
SPY.P.ARCA,ARCA,2025-09-15 13:35:34.600,T00000317,317,446.72,27,B,,,
SPY.P.ARCA,ARCA,2025-09-15 13:35:34.800,T00000318,318,447.42,12,B,,,
SPY.P.ARCA,ARCA,2025-09-15 13:35:34.900,T00000319,319,449.56,19,B,,,
SPY.P.ARCA,ARCA,2025-09-15 13:35:35.500,T00000320,320,451.58,15,B,,,
SPY.P.ARCA,ARCA,2025-09-15 13:35:36.100,T00000321,321,454.29,15,B,,,
SPY.P.ARCA,ARCA,2025-09-15 13:35:38.300,T00000322,322,453.57,25,S,,,
SPY.P.ARCA,ARCA,2025-09-15 13:35:38.800,T00000323,323,454.1,43,B,,,
SPY.P.ARCA,ARCA,2025-09-15 13:35:40.200,T00000324,324,454.87,15,B,,,
SPY.P.ARCA,ARCA,2025-09-15 13:35:40.500,T00000325,325,453.11,34,S,,,
SPY.P.ARCA,ARCA,2025-09-15 13:35:41.200,T00000326,326,452.46000000000004,11,B,,,
SPY.P.ARCA,ARCA,2025-09-15 13:35:41.400,T00000327,327,452.38,36,B,,,
SPY.P.ARCA,ARCA,2025-09-15 13:35:42.500,T00000328,328,450.73,25,B,,,
SPY.P.ARCA,ARCA,2025-09-15 13:35:43.500,T00000329,329,448.58,15,S,,,
SPY.P.ARCA,ARCA,2025-09-15 13:35:43.600,T00000330,330,448.06,11,B,,,
SPY.P.ARCA,ARCA,2025-09-15 13:35:43.900,T00000331,331,450.94,10,B,,,
SPY.P.ARCA,ARCA,2025-09-15 13:35:44.100,T00000332,332,450.12,13,B,,,
SPY.P.ARCA,ARCA,2025-09-15 13:35:45.000,T00000333,333,458.7,30,B,,,
SPY.P.ARCA,ARCA,2025-09-15 13:35:45.400,T00000334,334,457.40000000000003,12,B,,,
SPY.P.ARCA,ARCA,2025-09-15 13:35:45.500,T00000335,335,458.25,23,B,,,
SPY.P.ARCA,ARCA,2025-09-15 13:35:46.000,T00000336,336,458.37,14,S,,,
SPY.P.ARCA,ARCA,2025-09-15 13:35:47.000,T00000337,337,458.5,48,S,,,
SPY.P.ARCA,ARCA,2025-09-15 13:35:47.100,T00000338,338,457.29,17,S,,,
SPY.P.ARCA,ARCA,2025-09-15 13:35:47.800,T00000339,339,454.98,21,S,,,
SPY.P.ARCA,ARCA,2025-09-15 13:35:48.200,T00000340,340,452.79,17,S,,,
SPY.P.ARCA,ARCA,2025-09-15 13:35:50.700,T00000341,341,455.6,29,B,,,
SPY.P.ARCA,ARCA,2025-09-15 13:35:51.200,T00000342,342,456.24,21,B,,,
SPY.P.ARCA,ARCA,2025-09-15 13:35:52.500,T00000343,343,452.67,39,B,,,
SPY.P.ARCA,ARCA,2025-09-15 13:35:52.700,T00000344,344,452.58,27,S,,,
SPY.P.ARCA,ARCA,2025-09-15 13:35:53.400,T00000345,345,449.26,11,S,,,
SPY.P.ARCA,ARCA,2025-09-15 13:35:53.600,T00000346,346,446.32,29,S,,,
SPY.P.ARCA,ARCA,2025-09-15 13:35:54.800,T00000347,347,443.40000000000003,18,S,,,
SPY.P.ARCA,ARCA,2025-09-15 13:35:56.300,T00000348,348,448.16,45,B,,,
SPY.P.ARCA,ARCA,2025-09-15 13:35:56.700,T00000349,349,445.73,20,S,,,
SPY.P.ARCA,ARCA,2025-09-15 13:35:56.800,T00000350,350,445.97,63,B,,,
SPY.P.ARCA,ARCA,2025-09-15 13:35:57.100,T00000351,351,447.84000000000003,28,B,,,
SPY.P.ARCA,ARCA,2025-09-15 13:35:57.500,T00000352,352,451.64,52,S,,,
SPY.P.ARCA,ARCA,2025-09-15 13:36:02.600,T00000353,353,451.93,18,S,,,
SPY.P.ARCA,ARCA,2025-09-15 13:36:03.900,T00000354,354,453.94,77,B,,,
SPY.P.ARCA,ARCA,2025-09-15 13:36:04.500,T00000355,355,452.28000000000003,50,S,,,
SPY.P.ARCA,ARCA,2025-09-15 13:36:07.700,T00000356,356,454.25,56,S,,,
SPY.P.ARCA,ARCA,2025-09-15 13:36:08.400,T00000357,357,453.67,41,B,,,
SPY.P.ARCA,ARCA,2025-09-15 13:36:09.200,T00000358,358,450.34000000000003,105,S,,,
SPY.P.ARCA,ARCA,2025-09-15 13:36:10.800,T00000359,359,446.7,54,B,,,
SPY.P.ARCA,ARCA,2025-09-15 13:36:13.400,T00000360,360,442.43,13,S,,,
SPY.P.ARCA,ARCA,2025-09-15 13:36:15.900,T00000361,361,444.44,13,B,,,
SPY.P.ARCA,ARCA,2025-09-15 13:36:16.000,T00000362,362,442.77,49,S,,,
SPY.P.ARCA,ARCA,2025-09-15 13:36:17.600,T00000363,363,449.42,22,B,,,
SPY.P.ARCA,ARCA,2025-09-15 13:36:17.700,T00000364,364,450.33,11,B,,,
SPY.P.ARCA,ARCA,2025-09-15 13:36:20.100,T00000365,365,460.96000000000004,20,S,,,
SPY.P.ARCA,ARCA,2025-09-15 13:36:21.500,T00000366,366,457.39,35,S,,,
SPY.P.ARCA,ARCA,2025-09-15 13:36:21.900,T00000367,367,459.2,17,S,,,
SPY.P.ARCA,ARCA,2025-09-15 13:36:22.500,T00000368,368,458.64,20,B,,,
SPY.P.ARCA,ARCA,2025-09-15 13:36:22.600,T00000369,369,459.33,15,B,,,
SPY.P.ARCA,ARCA,2025-09-15 13:36:25.500,T00000370,370,456.98,12,B,,,
SPY.P.ARCA,ARCA,2025-09-15 13:36:26.300,T00000371,371,454.8,17,B,,,
SPY.P.ARCA,ARCA,2025-09-15 13:36:27.000,T00000372,372,458.5,11,B,,,
SPY.P.ARCA,ARCA,2025-09-15 13:36:27.100,T00000373,373,457.83,12,S,,,
SPY.P.ARCA,ARCA,2025-09-15 13:36:28.600,T00000374,374,459.91,22,B,,,
SPY.P.ARCA,ARCA,2025-09-15 13:36:29.900,T00000375,375,459.01,19,S,,,
SPY.P.ARCA,ARCA,2025-09-15 13:36:30.300,T00000376,376,461.28000000000003,12,B,,,
SPY.P.ARCA,ARCA,2025-09-15 13:36:33.700,T00000377,377,459.91,20,S,,,
SPY.P.ARCA,ARCA,2025-09-15 13:36:34.600,T00000378,378,461.28000000000003,21,B,,,
SPY.P.ARCA,ARCA,2025-09-15 13:36:34.800,T00000379,379,462.8,14,S,,,
SPY.P.ARCA,ARCA,2025-09-15 13:36:35.100,T00000380,380,461.29,27,S,,,
SPY.P.ARCA,ARCA,2025-09-15 13:36:35.900,T00000381,381,459.88,20,S,,,
SPY.P.ARCA,ARCA,2025-09-15 13:36:36.100,T00000382,382,459.54,70,S,,,
SPY.P.ARCA,ARCA,2025-09-15 13:36:36.400,T00000383,383,457.04,140,S,,,
SPY.P.ARCA,ARCA,2025-09-15 13:36:40.000,T00000384,384,452.46000000000004,14,S,,,
SPY.P.ARCA,ARCA,2025-09-15 13:36:41.700,T00000385,385,451.99,39,B,,,
SPY.P.ARCA,ARCA,2025-09-15 13:36:42.900,T00000386,386,454.25,10,B,,,
SPY.P.ARCA,ARCA,2025-09-15 13:36:43.200,T00000387,387,451.36,18,S,,,
SPY.P.ARCA,ARCA,2025-09-15 13:36:44.300,T00000388,388,450.79,20,S,,,
SPY.P.ARCA,ARCA,2025-09-15 13:36:44.500,T00000389,389,451.24,25,S,,,
SPY.P.ARCA,ARCA,2025-09-15 13:36:45.200,T00000390,390,454.15000000000003,34,B,,,
SPY.P.ARCA,ARCA,2025-09-15 13:36:45.400,T00000391,391,453.01,12,S,,,
SPY.P.ARCA,ARCA,2025-09-15 13:36:45.900,T00000392,392,452.34000000000003,40,B,,,
SPY.P.ARCA,ARCA,2025-09-15 13:36:46.100,T00000393,393,452.40000000000003,26,B,,,
SPY.P.ARCA,ARCA,2025-09-15 13:36:46.200,T00000394,394,451.12,26,B,,,
SPY.P.ARCA,ARCA,2025-09-15 13:36:47.300,T00000395,395,450.45,24,B,,,
SPY.P.ARCA,ARCA,2025-09-15 13:36:48.100,T00000396,396,447.43,44,S,,,
SPY.P.ARCA,ARCA,2025-09-15 13:36:48.200,T00000397,397,451.63,39,B,,,
SPY.P.ARCA,ARCA,2025-09-15 13:36:48.400,T00000398,398,453.66,20,B,,,
SPY.P.ARCA,ARCA,2025-09-15 13:36:49.300,T00000399,399,449.8,13,S,,,
SPY.P.ARCA,ARCA,2025-09-15 13:36:49.900,T00000400,400,452.43,54,S,,,
SPY.P.ARCA,ARCA,2025-09-15 13:36:50.400,T00000401,401,451.55,14,B,,,
SPY.P.ARCA,ARCA,2025-09-15 13:36:51.900,T00000402,402,445.77,26,B,,,
SPY.P.ARCA,ARCA,2025-09-15 13:36:52.100,T00000403,403,448.58,18,B,,,
SPY.P.ARCA,ARCA,2025-09-15 13:36:52.800,T00000404,404,449.90000000000003,22,B,,,
SPY.P.ARCA,ARCA,2025-09-15 13:36:54.000,T00000405,405,448.3,15,S,,,
SPY.P.ARCA,ARCA,2025-09-15 13:36:54.200,T00000406,406,450.26,37,S,,,
SPY.P.ARCA,ARCA,2025-09-15 13:36:58.700,T00000407,407,450.87,133,S,,,
SPY.P.ARCA,ARCA,2025-09-15 13:37:00.200,T00000408,408,447.74,38,S,,,
SPY.P.ARCA,ARCA,2025-09-15 13:37:00.300,T00000409,409,449.76,10,B,,,
SPY.P.ARCA,ARCA,2025-09-15 13:37:00.500,T00000410,410,448.88,24,B,,,
SPY.P.ARCA,ARCA,2025-09-15 13:37:01.400,T00000411,411,447.77,27,S,,,
SPY.P.ARCA,ARCA,2025-09-15 13:37:01.700,T00000412,412,448.89,18,B,,,
SPY.P.ARCA,ARCA,2025-09-15 13:37:03.500,T00000413,413,445.92,70,S,,,
SPY.P.ARCA,ARCA,2025-09-15 13:37:03.900,T00000414,414,448.46000000000004,65,B,,,
SPY.P.ARCA,ARCA,2025-09-15 13:37:05.000,T00000415,415,445.13,19,S,,,
SPY.P.ARCA,ARCA,2025-09-15 13:37:05.300,T00000416,416,447.34000000000003,12,B,,,
SPY.P.ARCA,ARCA,2025-09-15 13:37:06.100,T00000417,417,441.84000000000003,12,B,,,
SPY.P.ARCA,ARCA,2025-09-15 13:37:08.600,T00000418,418,449.46000000000004,134,S,,,
SPY.P.ARCA,ARCA,2025-09-15 13:37:09.100,T00000419,419,451.05,31,S,,,
SPY.P.ARCA,ARCA,2025-09-15 13:37:09.600,T00000420,420,453.24,12,S,,,
SPY.P.ARCA,ARCA,2025-09-15 13:37:10.000,T00000421,421,458.12,11,B,,,
SPY.P.ARCA,ARCA,2025-09-15 13:37:10.100,T00000422,422,457.44,40,S,,,
SPY.P.ARCA,ARCA,2025-09-15 13:37:10.300,T00000423,423,459.58,34,B,,,
SPY.P.ARCA,ARCA,2025-09-15 13:37:12.000,T00000424,424,457.92,3,S,,,
SPY.P.ARCA,ARCA,2025-09-15 13:37:12.800,T00000425,425,457.15000000000003,16,B,,,
SPY.P.ARCA,ARCA,2025-09-15 13:37:12.900,T00000426,426,456.48,31,S,,,
SPY.P.ARCA,ARCA,2025-09-15 13:37:13.200,T00000427,427,455.74,18,S,,,
SPY.P.ARCA,ARCA,2025-09-15 13:37:13.600,T00000428,428,453.33,14,S,,,
SPY.P.ARCA,ARCA,2025-09-15 13:37:14.200,T00000429,429,457.08,113,B,,,
SPY.P.ARCA,ARCA,2025-09-15 13:37:15.400,T00000430,430,453.99,66,B,,,
SPY.P.ARCA,ARCA,2025-09-15 13:37:16.100,T00000431,431,455.35,20,S,,,
SPY.P.ARCA,ARCA,2025-09-15 13:37:16.200,T00000432,432,454.18,36,S,,,
SPY.P.ARCA,ARCA,2025-09-15 13:37:20.900,T00000433,433,444.73,33,B,,,
SPY.P.ARCA,ARCA,2025-09-15 13:37:23.200,T00000434,434,449.78000000000003,16,B,,,
SPY.P.ARCA,ARCA,2025-09-15 13:37:23.500,T00000435,435,446.81,11,S,,,
SPY.P.ARCA,ARCA,2025-09-15 13:37:24.000,T00000436,436,448.17,35,B,,,
SPY.P.ARCA,ARCA,2025-09-15 13:37:25.900,T00000437,437,451.19,38,B,,,
SPY.P.ARCA,ARCA,2025-09-15 13:37:26.300,T00000438,438,452.99,26,B,,,
SPY.P.ARCA,ARCA,2025-09-15 13:37:26.500,T00000439,439,453.74,18,S,,,
SPY.P.ARCA,ARCA,2025-09-15 13:37:28.100,T00000440,440,453.43,12,S,,,
SPY.P.ARCA,ARCA,2025-09-15 13:37:28.300,T00000441,441,453.61,14,B,,,
SPY.P.ARCA,ARCA,2025-09-15 13:37:28.800,T00000442,442,455.79,31,B,,,
SPY.P.ARCA,ARCA,2025-09-15 13:37:29.300,T00000443,443,457.99,12,S,,,
SPY.P.ARCA,ARCA,2025-09-15 13:37:29.400,T00000444,444,456.98,46,S,,,
SPY.P.ARCA,ARCA,2025-09-15 13:37:30.100,T00000445,445,455.17,30,B,,,
SPY.P.ARCA,ARCA,2025-09-15 13:37:32.900,T00000446,446,457.64,46,B,,,
SPY.P.ARCA,ARCA,2025-09-15 13:37:34.500,T00000447,447,454.13,29,B,,,
SPY.P.ARCA,ARCA,2025-09-15 13:37:38.100,T00000448,448,459.46,23,B,,,
SPY.P.ARCA,ARCA,2025-09-15 13:37:38.600,T00000449,449,458.97,15,S,,,
SPY.P.ARCA,ARCA,2025-09-15 13:37:39.000,T00000450,450,456.85,14,B,,,
SPY.P.ARCA,ARCA,2025-09-15 13:37:39.200,T00000451,451,457.81,147,S,,,
SPY.P.ARCA,ARCA,2025-09-15 13:37:39.300,T00000452,452,456.21000000000004,30,B,,,
SPY.P.ARCA,ARCA,2025-09-15 13:37:40.100,T00000453,453,455.2,12,B,,,
SPY.P.ARCA,ARCA,2025-09-15 13:37:41.600,T00000454,454,459.91,12,S,,,
SPY.P.ARCA,ARCA,2025-09-15 13:37:43.000,T00000455,455,461.71000000000004,16,B,,,
SPY.P.ARCA,ARCA,2025-09-15 13:37:43.900,T00000456,456,461.49,22,S,,,
SPY.P.ARCA,ARCA,2025-09-15 13:37:44.600,T00000457,457,458.02,12,S,,,
SPY.P.ARCA,ARCA,2025-09-15 13:37:44.700,T00000458,458,456.72,34,S,,,
SPY.P.ARCA,ARCA,2025-09-15 13:37:45.700,T00000459,459,455.91,18,S,,,
SPY.P.ARCA,ARCA,2025-09-15 13:37:48.400,T00000460,460,453.38,105,B,,,
SPY.P.ARCA,ARCA,2025-09-15 13:37:48.800,T00000461,461,452.83,13,S,,,
SPY.P.ARCA,ARCA,2025-09-15 13:37:52.100,T00000462,462,452.73,39,S,,,
SPY.P.ARCA,ARCA,2025-09-15 13:37:52.700,T00000463,463,451.63,11,S,,,
SPY.P.ARCA,ARCA,2025-09-15 13:37:53.300,T00000464,464,453.56,45,B,,,
SPY.P.ARCA,ARCA,2025-09-15 13:37:54.000,T00000465,465,448.7,75,S,,,
SPY.P.ARCA,ARCA,2025-09-15 13:37:55.600,T00000466,466,447.25,105,S,,,
SPY.P.ARCA,ARCA,2025-09-15 13:37:56.000,T00000467,467,449.04,13,S,,,
SPY.P.ARCA,ARCA,2025-09-15 13:37:56.100,T00000468,468,448.99,26,S,,,
SPY.P.ARCA,ARCA,2025-09-15 13:37:57.200,T00000469,469,448.52,28,S,,,
SPY.P.ARCA,ARCA,2025-09-15 13:37:58.000,T00000470,470,452.86,14,B,,,
SPY.P.ARCA,ARCA,2025-09-15 13:37:58.600,T00000471,471,456.89,11,S,,,
SPY.P.ARCA,ARCA,2025-09-15 13:37:59.300,T00000472,472,454.43,12,S,,,
SPY.P.ARCA,ARCA,2025-09-15 13:37:59.500,T00000473,473,454.62,16,S,,,
SPY.P.ARCA,ARCA,2025-09-15 13:38:00.100,T00000474,474,453.7,26,S,,,
SPY.P.ARCA,ARCA,2025-09-15 13:38:00.600,T00000475,475,458.13,42,B,,,
SPY.P.ARCA,ARCA,2025-09-15 13:38:00.800,T00000476,476,454.99,11,S,,,
SPY.P.ARCA,ARCA,2025-09-15 13:38:00.900,T00000477,477,456.69,24,B,,,
SPY.P.ARCA,ARCA,2025-09-15 13:38:01.300,T00000478,478,454.5,43,S,,,
SPY.P.ARCA,ARCA,2025-09-15 13:38:01.500,T00000479,479,454.01,21,B,,,
SPY.P.ARCA,ARCA,2025-09-15 13:38:03.400,T00000480,480,456.16,98,B,,,
SPY.P.ARCA,ARCA,2025-09-15 13:38:03.600,T00000481,481,455.54,29,B,,,
SPY.P.ARCA,ARCA,2025-09-15 13:38:07.100,T00000482,482,453.58,20,B,,,
SPY.P.ARCA,ARCA,2025-09-15 13:38:07.200,T00000483,483,454.76,11,S,,,
SPY.P.ARCA,ARCA,2025-09-15 13:38:08.200,T00000484,484,455.07,35,S,,,
SPY.P.ARCA,ARCA,2025-09-15 13:38:09.000,T00000485,485,452.14,11,B,,,
SPY.P.ARCA,ARCA,2025-09-15 13:38:09.800,T00000486,486,450.64,23,B,,,
SPY.P.ARCA,ARCA,2025-09-15 13:38:10.900,T00000487,487,443.18,21,B,,,
SPY.P.ARCA,ARCA,2025-09-15 13:38:11.000,T00000488,488,444.39,58,B,,,
SPY.P.ARCA,ARCA,2025-09-15 13:38:11.600,T00000489,489,443.63,16,B,,,
SPY.P.ARCA,ARCA,2025-09-15 13:38:14.700,T00000490,490,443.35,15,B,,,
SPY.P.ARCA,ARCA,2025-09-15 13:38:14.800,T00000491,491,443.63,10,B,,,
SPY.P.ARCA,ARCA,2025-09-15 13:38:15.400,T00000492,492,445.66,20,S,,,
SPY.P.ARCA,ARCA,2025-09-15 13:38:17.500,T00000493,493,444.27,10,B,,,
SPY.P.ARCA,ARCA,2025-09-15 13:38:17.600,T00000494,494,446.13,33,S,,,
SPY.P.ARCA,ARCA,2025-09-15 13:38:18.400,T00000495,495,441.32,18,S,,,
SPY.P.ARCA,ARCA,2025-09-15 13:38:18.500,T00000496,496,441.19,14,S,,,
SPY.P.ARCA,ARCA,2025-09-15 13:38:19.400,T00000497,497,440.54,31,B,,,
SPY.P.ARCA,ARCA,2025-09-15 13:38:19.900,T00000498,498,439.64,64,B,,,
SPY.P.ARCA,ARCA,2025-09-15 13:38:20.100,T00000499,499,437.19,12,S,,,
SPY.P.ARCA,ARCA,2025-09-15 13:38:20.200,T00000500,500,437.93,15,B,,,
SPY.P.ARCA,ARCA,2025-09-15 13:38:20.600,T00000501,501,436.37,61,S,,,
SPY.P.ARCA,ARCA,2025-09-15 13:38:21.300,T00000502,502,433.72,11,S,,,
SPY.P.ARCA,ARCA,2025-09-15 13:38:22.000,T00000503,503,433.40000000000003,52,B,,,
SPY.P.ARCA,ARCA,2025-09-15 13:38:22.800,T00000504,504,430.53000000000003,22,S,,,
SPY.P.ARCA,ARCA,2025-09-15 13:38:23.200,T00000505,505,434.49,12,B,,,
SPY.P.ARCA,ARCA,2025-09-15 13:38:24.600,T00000506,506,429.82,51,S,,,
SPY.P.ARCA,ARCA,2025-09-15 13:38:25.100,T00000507,507,433.31,14,B,,,
SPY.P.ARCA,ARCA,2025-09-15 13:38:26.000,T00000508,508,436.59000000000003,10,S,,,
SPY.P.ARCA,ARCA,2025-09-15 13:38:26.500,T00000509,509,439.52,19,S,,,
SPY.P.ARCA,ARCA,2025-09-15 13:38:28.400,T00000510,510,440.98,11,B,,,
SPY.P.ARCA,ARCA,2025-09-15 13:38:29.100,T00000511,511,441.69,11,B,,,
SPY.P.ARCA,ARCA,2025-09-15 13:38:29.300,T00000512,512,442.64,66,B,,,
SPY.P.ARCA,ARCA,2025-09-15 13:38:30.300,T00000513,513,442.97,23,S,,,
SPY.P.ARCA,ARCA,2025-09-15 13:38:30.400,T00000514,514,443.36,15,S,,,
SPY.P.ARCA,ARCA,2025-09-15 13:38:31.200,T00000515,515,443.05,17,S,,,
SPY.P.ARCA,ARCA,2025-09-15 13:38:31.900,T00000516,516,440.24,16,B,,,
SPY.P.ARCA,ARCA,2025-09-15 13:38:32.000,T00000517,517,440.0,25,S,,,
SPY.P.ARCA,ARCA,2025-09-15 13:38:32.500,T00000518,518,441.8,25,B,,,
SPY.P.ARCA,ARCA,2025-09-15 13:38:33.000,T00000519,519,447.31,23,S,,,
SPY.P.ARCA,ARCA,2025-09-15 13:38:33.100,T00000520,520,447.77,42,S,,,
SPY.P.ARCA,ARCA,2025-09-15 13:38:35.800,T00000521,521,445.44,27,B,,,
SPY.P.ARCA,ARCA,2025-09-15 13:38:36.100,T00000522,522,445.59000000000003,17,S,,,
SPY.P.ARCA,ARCA,2025-09-15 13:38:40.800,T00000523,523,441.39,24,S,,,
SPY.P.ARCA,ARCA,2025-09-15 13:38:41.700,T00000524,524,448.51,43,B,,,
SPY.P.ARCA,ARCA,2025-09-15 13:38:43.600,T00000525,525,451.67,19,S,,,
SPY.P.ARCA,ARCA,2025-09-15 13:38:43.800,T00000526,526,450.05,14,S,,,
SPY.P.ARCA,ARCA,2025-09-15 13:38:43.900,T00000527,527,449.01,13,S,,,
SPY.P.ARCA,ARCA,2025-09-15 13:38:45.600,T00000528,528,449.05,133,S,,,
SPY.P.ARCA,ARCA,2025-09-15 13:38:45.700,T00000529,529,449.52,36,S,,,
SPY.P.ARCA,ARCA,2025-09-15 13:38:46.600,T00000530,530,456.0,14,B,,,
SPY.P.ARCA,ARCA,2025-09-15 13:38:47.300,T00000531,531,460.53000000000003,27,S,,,
SPY.P.ARCA,ARCA,2025-09-15 13:38:48.300,T00000532,532,461.11,18,B,,,
SPY.P.ARCA,ARCA,2025-09-15 13:38:48.800,T00000533,533,459.26,105,S,,,
SPY.P.ARCA,ARCA,2025-09-15 13:38:49.000,T00000534,534,460.64,68,B,,,
SPY.P.ARCA,ARCA,2025-09-15 13:38:51.500,T00000535,535,449.48,15,S,,,
SPY.P.ARCA,ARCA,2025-09-15 13:38:53.200,T00000536,536,447.45,42,S,,,
SPY.P.ARCA,ARCA,2025-09-15 13:38:53.800,T00000537,537,445.19,10,B,,,
SPY.P.ARCA,ARCA,2025-09-15 13:38:55.600,T00000538,538,438.34000000000003,20,S,,,
SPY.P.ARCA,ARCA,2025-09-15 13:38:56.100,T00000539,539,433.46000000000004,33,S,,,
SPY.P.ARCA,ARCA,2025-09-15 13:38:57.700,T00000540,540,434.99,10,S,,,
SPY.P.ARCA,ARCA,2025-09-15 13:38:58.700,T00000541,541,438.03,14,B,,,
SPY.P.ARCA,ARCA,2025-09-15 13:38:59.800,T00000542,542,443.90000000000003,77,B,,,
SPY.P.ARCA,ARCA,2025-09-15 13:39:03.600,T00000543,543,443.41,17,S,,,
SPY.P.ARCA,ARCA,2025-09-15 13:39:03.900,T00000544,544,446.0,12,B,,,
SPY.P.ARCA,ARCA,2025-09-15 13:39:04.100,T00000545,545,442.18,27,S,,,
SPY.P.ARCA,ARCA,2025-09-15 13:39:04.700,T00000546,546,438.52,11,S,,,
SPY.P.ARCA,ARCA,2025-09-15 13:39:05.000,T00000547,547,440.94,16,B,,,
SPY.P.ARCA,ARCA,2025-09-15 13:39:07.500,T00000548,548,440.58,13,B,,,
SPY.P.ARCA,ARCA,2025-09-15 13:39:08.000,T00000549,549,437.34000000000003,25,S,,,
SPY.P.ARCA,ARCA,2025-09-15 13:39:08.400,T00000550,550,438.0,34,B,,,
SPY.P.ARCA,ARCA,2025-09-15 13:39:09.000,T00000551,551,441.52,34,B,,,
SPY.P.ARCA,ARCA,2025-09-15 13:39:10.800,T00000552,552,445.47,14,S,,,
SPY.P.ARCA,ARCA,2025-09-15 13:39:12.000,T00000553,553,445.04,23,B,,,
SPY.P.ARCA,ARCA,2025-09-15 13:39:12.800,T00000554,554,441.02,11,S,,,
SPY.P.ARCA,ARCA,2025-09-15 13:39:14.200,T00000555,555,447.71000000000004,18,B,,,
SPY.P.ARCA,ARCA,2025-09-15 13:39:16.400,T00000556,556,445.25,35,S,,,
SPY.P.ARCA,ARCA,2025-09-15 13:39:18.100,T00000557,557,438.42,18,B,,,
SPY.P.ARCA,ARCA,2025-09-15 13:39:18.600,T00000558,558,441.53000000000003,21,B,,,
SPY.P.ARCA,ARCA,2025-09-15 13:39:18.700,T00000559,559,442.06,12,B,,,
SPY.P.ARCA,ARCA,2025-09-15 13:39:19.300,T00000560,560,436.38,66,S,,,
SPY.P.ARCA,ARCA,2025-09-15 13:39:20.200,T00000561,561,437.86,12,B,,,
SPY.P.ARCA,ARCA,2025-09-15 13:39:22.000,T00000562,562,436.5,11,S,,,
SPY.P.ARCA,ARCA,2025-09-15 13:39:23.100,T00000563,563,439.46,18,B,,,
SPY.P.ARCA,ARCA,2025-09-15 13:39:23.600,T00000564,564,441.65000000000003,13,S,,,
SPY.P.ARCA,ARCA,2025-09-15 13:39:24.000,T00000565,565,440.27,22,B,,,
SPY.P.ARCA,ARCA,2025-09-15 13:39:25.400,T00000566,566,430.79,33,S,,,
SPY.P.ARCA,ARCA,2025-09-15 13:39:26.300,T00000567,567,439.5,19,B,,,
SPY.P.ARCA,ARCA,2025-09-15 13:39:26.800,T00000568,568,440.78,14,B,,,
SPY.P.ARCA,ARCA,2025-09-15 13:39:28.200,T00000569,569,447.8,11,S,,,
SPY.P.ARCA,ARCA,2025-09-15 13:39:28.900,T00000570,570,441.54,23,S,,,
SPY.P.ARCA,ARCA,2025-09-15 13:39:29.600,T00000571,571,436.16,34,S,,,
SPY.P.ARCA,ARCA,2025-09-15 13:39:29.700,T00000572,572,436.16,12,S,,,
SPY.P.ARCA,ARCA,2025-09-15 13:39:30.600,T00000573,573,434.37,59,S,,,
SPY.P.ARCA,ARCA,2025-09-15 13:39:31.600,T00000574,574,438.37,34,B,,,
SPY.P.ARCA,ARCA,2025-09-15 13:39:32.400,T00000575,575,444.65000000000003,15,B,,,
SPY.P.ARCA,ARCA,2025-09-15 13:39:33.600,T00000576,576,447.03000000000003,84,S,,,
SPY.P.ARCA,ARCA,2025-09-15 13:39:33.900,T00000577,577,452.04,20,B,,,
SPY.P.ARCA,ARCA,2025-09-15 13:39:34.600,T00000578,578,448.75,73,B,,,
SPY.P.ARCA,ARCA,2025-09-15 13:39:36.100,T00000579,579,449.08,23,B,,,
SPY.P.ARCA,ARCA,2025-09-15 13:39:36.400,T00000580,580,445.73,35,S,,,
SPY.P.ARCA,ARCA,2025-09-15 13:39:38.500,T00000581,581,446.71000000000004,15,S,,,
SPY.P.ARCA,ARCA,2025-09-15 13:39:43.300,T00000582,582,437.14,13,B,,,
SPY.P.ARCA,ARCA,2025-09-15 13:39:43.400,T00000583,583,437.38,16,B,,,
SPY.P.ARCA,ARCA,2025-09-15 13:39:45.200,T00000584,584,433.71000000000004,15,S,,,
SPY.P.ARCA,ARCA,2025-09-15 13:39:46.900,T00000585,585,433.09000000000003,60,B,,,
SPY.P.ARCA,ARCA,2025-09-15 13:39:47.000,T00000586,586,432.72,40,B,,,
SPY.P.ARCA,ARCA,2025-09-15 13:39:47.300,T00000587,587,432.3,12,S,,,
SPY.P.ARCA,ARCA,2025-09-15 13:39:49.200,T00000588,588,432.2,14,B,,,
SPY.P.ARCA,ARCA,2025-09-15 13:39:50.100,T00000589,589,433.76,15,B,,,
SPY.P.ARCA,ARCA,2025-09-15 13:39:51.700,T00000590,590,439.07,42,S,,,
SPY.P.ARCA,ARCA,2025-09-15 13:39:52.000,T00000591,591,438.81,14,S,,,
SPY.P.ARCA,ARCA,2025-09-15 13:39:53.200,T00000592,592,437.87,23,B,,,
SPY.P.ARCA,ARCA,2025-09-15 13:39:55.100,T00000593,593,439.73,23,S,,,
SPY.P.ARCA,ARCA,2025-09-15 13:39:55.400,T00000594,594,441.54,12,S,,,
SPY.P.ARCA,ARCA,2025-09-15 13:39:57.200,T00000595,595,443.94,33,B,,,
SPY.P.ARCA,ARCA,2025-09-15 13:39:58.800,T00000596,596,448.27,12,S,,,
SPY.P.ARCA,ARCA,2025-09-15 13:39:59.600,T00000597,597,446.8,14,S,,,
SPY.P.ARCA,ARCA,2025-09-15 13:40:00.800,T00000598,598,443.49,13,B,,,
SPY.P.ARCA,ARCA,2025-09-15 13:40:01.300,T00000599,599,443.91,38,S,,,
SPY.P.ARCA,ARCA,2025-09-15 13:40:01.800,T00000600,600,444.32,25,B,,,
SPY.P.ARCA,ARCA,2025-09-15 13:40:02.000,T00000601,601,446.04,18,B,,,
SPY.P.ARCA,ARCA,2025-09-15 13:40:02.300,T00000602,602,447.75,43,S,,,
SPY.P.ARCA,ARCA,2025-09-15 13:40:02.600,T00000603,603,447.40000000000003,20,B,,,
SPY.P.ARCA,ARCA,2025-09-15 13:40:03.400,T00000604,604,442.96000000000004,21,S,,,
SPY.P.ARCA,ARCA,2025-09-15 13:40:03.700,T00000605,605,441.65000000000003,10,B,,,
SPY.P.ARCA,ARCA,2025-09-15 13:40:03.900,T00000606,606,441.31,67,B,,,
SPY.P.ARCA,ARCA,2025-09-15 13:40:04.800,T00000607,607,438.8,18,S,,,
SPY.P.ARCA,ARCA,2025-09-15 13:40:05.100,T00000608,608,438.95,65,B,,,
SPY.P.ARCA,ARCA,2025-09-15 13:40:05.400,T00000609,609,439.43,13,B,,,
SPY.P.ARCA,ARCA,2025-09-15 13:40:08.600,T00000610,610,455.57,29,S,,,
SPY.P.ARCA,ARCA,2025-09-15 13:40:08.700,T00000611,611,453.92,59,S,,,
SPY.P.ARCA,ARCA,2025-09-15 13:40:10.400,T00000612,612,453.77,25,B,,,
SPY.P.ARCA,ARCA,2025-09-15 13:40:11.300,T00000613,613,454.12,30,S,,,
SPY.P.ARCA,ARCA,2025-09-15 13:40:11.800,T00000614,614,456.28000000000003,17,S,,,
SPY.P.ARCA,ARCA,2025-09-15 13:40:13.700,T00000615,615,452.87,15,S,,,
SPY.P.ARCA,ARCA,2025-09-15 13:40:14.000,T00000616,616,450.8,21,B,,,
SPY.P.ARCA,ARCA,2025-09-15 13:40:14.300,T00000617,617,450.17,60,S,,,
SPY.P.ARCA,ARCA,2025-09-15 13:40:17.000,T00000618,618,449.33,11,B,,,
SPY.P.ARCA,ARCA,2025-09-15 13:40:20.100,T00000619,619,451.83,13,B,,,
SPY.P.ARCA,ARCA,2025-09-15 13:40:20.300,T00000620,620,451.71000000000004,64,S,,,
SPY.P.ARCA,ARCA,2025-09-15 13:40:22.200,T00000621,621,447.33,13,B,,,
SPY.P.ARCA,ARCA,2025-09-15 13:40:22.900,T00000622,622,444.75,84,S,,,
SPY.P.ARCA,ARCA,2025-09-15 13:40:23.000,T00000623,623,445.44,36,B,,,
SPY.P.ARCA,ARCA,2025-09-15 13:40:23.100,T00000624,624,444.59000000000003,12,S,,,
SPY.P.ARCA,ARCA,2025-09-15 13:40:23.300,T00000625,625,448.11,26,S,,,
SPY.P.ARCA,ARCA,2025-09-15 13:40:24.300,T00000626,626,443.75,15,S,,,
SPY.P.ARCA,ARCA,2025-09-15 13:40:24.800,T00000627,627,443.33,16,B,,,
SPY.P.ARCA,ARCA,2025-09-15 13:40:25.300,T00000628,628,447.17,16,B,,,
SPY.P.ARCA,ARCA,2025-09-15 13:40:27.200,T00000629,629,445.58,12,B,,,
SPY.P.ARCA,ARCA,2025-09-15 13:40:27.400,T00000630,630,446.52,17,B,,,
SPY.P.ARCA,ARCA,2025-09-15 13:40:28.500,T00000631,631,448.16,105,S,,,
SPY.P.ARCA,ARCA,2025-09-15 13:40:29.700,T00000632,632,451.32,43,B,,,
SPY.P.ARCA,ARCA,2025-09-15 13:40:30.200,T00000633,633,448.81,23,S,,,
SPY.P.ARCA,ARCA,2025-09-15 13:40:30.600,T00000634,634,448.49,37,B,,,
SPY.P.ARCA,ARCA,2025-09-15 13:40:31.000,T00000635,635,448.6,21,B,,,
SPY.P.ARCA,ARCA,2025-09-15 13:40:36.100,T00000636,636,441.77,15,B,,,
SPY.P.ARCA,ARCA,2025-09-15 13:40:36.300,T00000637,637,440.1,25,S,,,
SPY.P.ARCA,ARCA,2025-09-15 13:40:36.800,T00000638,638,433.95,13,B,,,
SPY.P.ARCA,ARCA,2025-09-15 13:40:37.000,T00000639,639,435.15000000000003,28,S,,,
SPY.P.ARCA,ARCA,2025-09-15 13:40:39.100,T00000640,640,435.48,26,S,,,
SPY.P.ARCA,ARCA,2025-09-15 13:40:39.900,T00000641,641,438.99,47,S,,,
SPY.P.ARCA,ARCA,2025-09-15 13:40:40.700,T00000642,642,440.51,11,S,,,
SPY.P.ARCA,ARCA,2025-09-15 13:40:41.400,T00000643,643,443.06,22,S,,,
SPY.P.ARCA,ARCA,2025-09-15 13:40:42.700,T00000644,644,441.34000000000003,14,S,,,
SPY.P.ARCA,ARCA,2025-09-15 13:40:43.200,T00000645,645,438.51,11,B,,,
SPY.P.ARCA,ARCA,2025-09-15 13:40:43.800,T00000646,646,435.71000000000004,11,B,,,
SPY.P.ARCA,ARCA,2025-09-15 13:40:45.800,T00000647,647,440.33,16,S,,,
SPY.P.ARCA,ARCA,2025-09-15 13:40:48.600,T00000648,648,440.22,17,S,,,
SPY.P.ARCA,ARCA,2025-09-15 13:40:49.900,T00000649,649,445.77,14,S,,,
SPY.P.ARCA,ARCA,2025-09-15 13:40:50.900,T00000650,650,446.87,40,S,,,
SPY.P.ARCA,ARCA,2025-09-15 13:40:52.400,T00000651,651,445.62,14,S,,,
SPY.P.ARCA,ARCA,2025-09-15 13:40:53.100,T00000652,652,446.5,26,S,,,
SPY.P.ARCA,ARCA,2025-09-15 13:40:54.400,T00000653,653,443.24,13,S,,,
SPY.P.ARCA,ARCA,2025-09-15 13:40:55.600,T00000654,654,444.01,15,B,,,
SPY.P.ARCA,ARCA,2025-09-15 13:40:56.500,T00000655,655,440.96000000000004,29,S,,,
SPY.P.ARCA,ARCA,2025-09-15 13:40:56.700,T00000656,656,440.86,25,S,,,
SPY.P.ARCA,ARCA,2025-09-15 13:41:00.800,T00000657,657,445.86,15,B,,,
SPY.P.ARCA,ARCA,2025-09-15 13:41:01.200,T00000658,658,444.88,72,S,,,
SPY.P.ARCA,ARCA,2025-09-15 13:41:02.500,T00000659,659,441.04,119,S,,,
SPY.P.ARCA,ARCA,2025-09-15 13:41:03.300,T00000660,660,441.23,24,S,,,
SPY.P.ARCA,ARCA,2025-09-15 13:41:04.500,T00000661,661,444.15000000000003,63,B,,,
SPY.P.ARCA,ARCA,2025-09-15 13:41:05.100,T00000662,662,444.94,14,B,,,
SPY.P.ARCA,ARCA,2025-09-15 13:41:06.000,T00000663,663,451.41,11,B,,,
SPY.P.ARCA,ARCA,2025-09-15 13:41:06.300,T00000664,664,452.0,36,B,,,
SPY.P.ARCA,ARCA,2025-09-15 13:41:06.500,T00000665,665,450.03000000000003,15,B,,,
SPY.P.ARCA,ARCA,2025-09-15 13:41:07.400,T00000666,666,449.23,28,B,,,
SPY.P.ARCA,ARCA,2025-09-15 13:41:07.900,T00000667,667,445.64,51,B,,,
SPY.P.ARCA,ARCA,2025-09-15 13:41:09.000,T00000668,668,448.2,43,B,,,
SPY.P.ARCA,ARCA,2025-09-15 13:41:09.100,T00000669,669,447.90000000000003,28,S,,,
SPY.P.ARCA,ARCA,2025-09-15 13:41:14.700,T00000670,670,450.62,24,B,,,
SPY.P.ARCA,ARCA,2025-09-15 13:41:15.000,T00000671,671,448.15000000000003,28,S,,,
SPY.P.ARCA,ARCA,2025-09-15 13:41:15.900,T00000672,672,447.96000000000004,15,B,,,
SPY.P.ARCA,ARCA,2025-09-15 13:41:18.500,T00000673,673,445.62,24,B,,,
SPY.P.ARCA,ARCA,2025-09-15 13:41:19.300,T00000674,674,443.98,22,S,,,
SPY.P.ARCA,ARCA,2025-09-15 13:41:20.000,T00000675,675,449.29,53,S,,,
SPY.P.ARCA,ARCA,2025-09-15 13:41:20.400,T00000676,676,451.8,12,S,,,
SPY.P.ARCA,ARCA,2025-09-15 13:41:20.800,T00000677,677,448.1,32,S,,,
SPY.P.ARCA,ARCA,2025-09-15 13:41:21.700,T00000678,678,448.05,91,S,,,
SPY.P.ARCA,ARCA,2025-09-15 13:41:22.600,T00000679,679,447.38,13,B,,,
SPY.P.ARCA,ARCA,2025-09-15 13:41:23.800,T00000680,680,450.73,58,B,,,
SPY.P.ARCA,ARCA,2025-09-15 13:41:24.700,T00000681,681,446.69,20,S,,,
SPY.P.ARCA,ARCA,2025-09-15 13:41:25.800,T00000682,682,452.97,12,S,,,
SPY.P.ARCA,ARCA,2025-09-15 13:41:28.100,T00000683,683,447.25,31,B,,,
SPY.P.ARCA,ARCA,2025-09-15 13:41:28.200,T00000684,684,446.57,15,B,,,
SPY.P.ARCA,ARCA,2025-09-15 13:41:29.300,T00000685,685,447.91,21,B,,,
SPY.P.ARCA,ARCA,2025-09-15 13:41:30.000,T00000686,686,452.48,55,S,,,
SPY.P.ARCA,ARCA,2025-09-15 13:41:32.900,T00000687,687,456.46000000000004,196,S,,,
SPY.P.ARCA,ARCA,2025-09-15 13:41:33.400,T00000688,688,454.12,27,S,,,
SPY.P.ARCA,ARCA,2025-09-15 13:41:34.000,T00000689,689,453.57,35,S,,,
SPY.P.ARCA,ARCA,2025-09-15 13:41:34.400,T00000690,690,455.92,38,B,,,
SPY.P.ARCA,ARCA,2025-09-15 13:41:35.400,T00000691,691,459.11,11,B,,,
SPY.P.ARCA,ARCA,2025-09-15 13:41:37.700,T00000692,692,451.84000000000003,238,S,,,
SPY.P.ARCA,ARCA,2025-09-15 13:41:39.000,T00000693,693,449.13,13,B,,,
SPY.P.ARCA,ARCA,2025-09-15 13:41:39.400,T00000694,694,448.6,14,S,,,
SPY.P.ARCA,ARCA,2025-09-15 13:41:40.000,T00000695,695,452.11,56,S,,,
SPY.P.ARCA,ARCA,2025-09-15 13:41:40.500,T00000696,696,451.52,45,S,,,
SPY.P.ARCA,ARCA,2025-09-15 13:41:40.600,T00000697,697,452.6,15,B,,,
SPY.P.ARCA,ARCA,2025-09-15 13:41:41.700,T00000698,698,450.34000000000003,22,S,,,
SPY.P.ARCA,ARCA,2025-09-15 13:41:42.700,T00000699,699,450.68,4,S,,,
SPY.P.ARCA,ARCA,2025-09-15 13:41:44.300,T00000700,700,449.05,13,B,,,
SPY.P.ARCA,ARCA,2025-09-15 13:41:46.300,T00000701,701,450.94,12,S,,,
SPY.P.ARCA,ARCA,2025-09-15 13:41:46.600,T00000702,702,446.97,30,B,,,
SPY.P.ARCA,ARCA,2025-09-15 13:41:47.800,T00000703,703,450.17,18,B,,,
SPY.P.ARCA,ARCA,2025-09-15 13:41:47.900,T00000704,704,450.42,12,B,,,
SPY.P.ARCA,ARCA,2025-09-15 13:41:49.800,T00000705,705,449.15000000000003,77,B,,,
SPY.P.ARCA,ARCA,2025-09-15 13:41:50.100,T00000706,706,448.01,18,B,,,
SPY.P.ARCA,ARCA,2025-09-15 13:41:51.600,T00000707,707,447.15000000000003,20,B,,,
SPY.P.ARCA,ARCA,2025-09-15 13:41:53.300,T00000708,708,449.81,23,S,,,
SPY.P.ARCA,ARCA,2025-09-15 13:41:53.600,T00000709,709,451.94,36,B,,,
SPY.P.ARCA,ARCA,2025-09-15 13:41:53.800,T00000710,710,452.56,16,B,,,
SPY.P.ARCA,ARCA,2025-09-15 13:41:54.100,T00000711,711,450.5,15,B,,,
SPY.P.ARCA,ARCA,2025-09-15 13:41:54.700,T00000712,712,448.59000000000003,67,B,,,
SPY.P.ARCA,ARCA,2025-09-15 13:41:56.500,T00000713,713,446.42,20,S,,,
SPY.P.ARCA,ARCA,2025-09-15 13:41:57.200,T00000714,714,452.0,13,S,,,
SPY.P.ARCA,ARCA,2025-09-15 13:41:58.300,T00000715,715,451.77,27,S,,,
SPY.P.ARCA,ARCA,2025-09-15 13:41:58.400,T00000716,716,450.59000000000003,17,B,,,
SPY.P.ARCA,ARCA,2025-09-15 13:41:59.800,T00000717,717,448.5,20,S,,,
SPY.P.ARCA,ARCA,2025-09-15 13:42:00.500,T00000718,718,448.28000000000003,48,S,,,
SPY.P.ARCA,ARCA,2025-09-15 13:42:00.900,T00000719,719,446.86,14,S,,,
SPY.P.ARCA,ARCA,2025-09-15 13:42:01.900,T00000720,720,448.49,25,B,,,
SPY.P.ARCA,ARCA,2025-09-15 13:42:03.000,T00000721,721,446.24,21,S,,,
SPY.P.ARCA,ARCA,2025-09-15 13:42:03.600,T00000722,722,448.36,30,S,,,
SPY.P.ARCA,ARCA,2025-09-15 13:42:03.900,T00000723,723,447.61,20,B,,,
SPY.P.ARCA,ARCA,2025-09-15 13:42:04.100,T00000724,724,448.51,26,B,,,
SPY.P.ARCA,ARCA,2025-09-15 13:42:04.200,T00000725,725,446.49,16,S,,,
SPY.P.ARCA,ARCA,2025-09-15 13:42:04.700,T00000726,726,447.93,27,S,,,
SPY.P.ARCA,ARCA,2025-09-15 13:42:05.100,T00000727,727,445.67,17,S,,,
SPY.P.ARCA,ARCA,2025-09-15 13:42:06.600,T00000728,728,447.40000000000003,17,B,,,
SPY.P.ARCA,ARCA,2025-09-15 13:42:08.500,T00000729,729,449.56,24,S,,,
SPY.P.ARCA,ARCA,2025-09-15 13:42:09.100,T00000730,730,450.12,11,S,,,
SPY.P.ARCA,ARCA,2025-09-15 13:42:09.700,T00000731,731,449.93,15,S,,,
SPY.P.ARCA,ARCA,2025-09-15 13:42:09.800,T00000732,732,450.19,48,B,,,
SPY.P.ARCA,ARCA,2025-09-15 13:42:10.200,T00000733,733,452.68,35,B,,,
SPY.P.ARCA,ARCA,2025-09-15 13:42:10.400,T00000734,734,450.87,10,S,,,
SPY.P.ARCA,ARCA,2025-09-15 13:42:10.600,T00000735,735,454.16,16,B,,,
SPY.P.ARCA,ARCA,2025-09-15 13:42:11.200,T00000736,736,456.05,20,B,,,
SPY.P.ARCA,ARCA,2025-09-15 13:42:11.300,T00000737,737,455.56,16,B,,,
SPY.P.ARCA,ARCA,2025-09-15 13:42:13.600,T00000738,738,468.37,13,S,,,
SPY.P.ARCA,ARCA,2025-09-15 13:42:16.700,T00000739,739,461.44,12,B,,,
SPY.P.ARCA,ARCA,2025-09-15 13:42:17.000,T00000740,740,462.04,22,B,,,
SPY.P.ARCA,ARCA,2025-09-15 13:42:17.400,T00000741,741,460.95,21,S,,,
SPY.P.ARCA,ARCA,2025-09-15 13:42:18.900,T00000742,742,455.45,46,B,,,
SPY.P.ARCA,ARCA,2025-09-15 13:42:19.500,T00000743,743,456.47,33,B,,,
SPY.P.ARCA,ARCA,2025-09-15 13:42:20.000,T00000744,744,459.71000000000004,127,B,,,
SPY.P.ARCA,ARCA,2025-09-15 13:42:20.600,T00000745,745,459.03000000000003,13,S,,,
SPY.P.ARCA,ARCA,2025-09-15 13:42:20.800,T00000746,746,457.64,9,S,,,
SPY.P.ARCA,ARCA,2025-09-15 13:42:22.800,T00000747,747,451.93,29,B,,,
SPY.P.ARCA,ARCA,2025-09-15 13:42:23.800,T00000748,748,454.56,62,S,,,
SPY.P.ARCA,ARCA,2025-09-15 13:42:24.800,T00000749,749,456.19,36,B,,,
SPY.P.ARCA,ARCA,2025-09-15 13:42:25.600,T00000750,750,460.44,20,B,,,
SPY.P.ARCA,ARCA,2025-09-15 13:42:26.800,T00000751,751,460.64,10,B,,,
SPY.P.ARCA,ARCA,2025-09-15 13:42:31.600,T00000752,752,452.11,64,S,,,
SPY.P.ARCA,ARCA,2025-09-15 13:42:35.800,T00000753,753,451.95,16,B,,,
SPY.P.ARCA,ARCA,2025-09-15 13:42:36.200,T00000754,754,454.96000000000004,67,B,,,
SPY.P.ARCA,ARCA,2025-09-15 13:42:38.200,T00000755,755,467.91,13,S,,,
SPY.P.ARCA,ARCA,2025-09-15 13:42:38.700,T00000756,756,470.77,13,S,,,
SPY.P.ARCA,ARCA,2025-09-15 13:42:39.600,T00000757,757,469.79,11,S,,,
SPY.P.ARCA,ARCA,2025-09-15 13:42:40.100,T00000758,758,465.83,26,B,,,
SPY.P.ARCA,ARCA,2025-09-15 13:42:40.300,T00000759,759,464.6,15,B,,,
SPY.P.ARCA,ARCA,2025-09-15 13:42:40.700,T00000760,760,462.54,12,B,,,
SPY.P.ARCA,ARCA,2025-09-15 13:42:40.800,T00000761,761,463.27,11,S,,,
SPY.P.ARCA,ARCA,2025-09-15 13:42:41.000,T00000762,762,465.05,31,B,,,
SPY.P.ARCA,ARCA,2025-09-15 13:42:43.600,T00000763,763,463.89000000000004,12,S,,,
SPY.P.ARCA,ARCA,2025-09-15 13:42:44.500,T00000764,764,464.52,55,S,,,
SPY.P.ARCA,ARCA,2025-09-15 13:42:44.900,T00000765,765,461.72,24,S,,,
SPY.P.ARCA,ARCA,2025-09-15 13:42:45.000,T00000766,766,462.94,14,B,,,
SPY.P.ARCA,ARCA,2025-09-15 13:42:45.700,T00000767,767,465.72,13,S,,,
SPY.P.ARCA,ARCA,2025-09-15 13:42:47.400,T00000768,768,451.36,24,S,,,
SPY.P.ARCA,ARCA,2025-09-15 13:42:48.800,T00000769,769,458.06,12,B,,,
SPY.P.ARCA,ARCA,2025-09-15 13:42:49.900,T00000770,770,458.94,29,B,,,
SPY.P.ARCA,ARCA,2025-09-15 13:42:50.300,T00000771,771,460.91,16,S,,,
SPY.P.ARCA,ARCA,2025-09-15 13:42:51.100,T00000772,772,455.59,21,B,,,
SPY.P.ARCA,ARCA,2025-09-15 13:42:51.400,T00000773,773,455.94,16,B,,,
SPY.P.ARCA,ARCA,2025-09-15 13:42:51.500,T00000774,774,454.99,35,S,,,
SPY.P.ARCA,ARCA,2025-09-15 13:42:51.700,T00000775,775,454.87,63,S,,,
SPY.P.ARCA,ARCA,2025-09-15 13:42:55.000,T00000776,776,455.02000000000004,12,S,,,
SPY.P.ARCA,ARCA,2025-09-15 13:42:55.600,T00000777,777,452.23,29,S,,,
SPY.P.ARCA,ARCA,2025-09-15 13:42:57.600,T00000778,778,454.67,27,B,,,
SPY.P.ARCA,ARCA,2025-09-15 13:42:57.900,T00000779,779,459.32,13,B,,,
SPY.P.ARCA,ARCA,2025-09-15 13:43:01.700,T00000780,780,451.66,15,S,,,
SPY.P.ARCA,ARCA,2025-09-15 13:43:02.100,T00000781,781,449.34000000000003,18,S,,,
SPY.P.ARCA,ARCA,2025-09-15 13:43:02.300,T00000782,782,450.2,10,B,,,
SPY.P.ARCA,ARCA,2025-09-15 13:43:03.100,T00000783,783,446.33,11,S,,,
SPY.P.ARCA,ARCA,2025-09-15 13:43:03.500,T00000784,784,446.17,11,B,,,
SPY.P.ARCA,ARCA,2025-09-15 13:43:04.500,T00000785,785,443.04,22,B,,,
SPY.P.ARCA,ARCA,2025-09-15 13:43:04.600,T00000786,786,444.25,60,B,,,
SPY.P.ARCA,ARCA,2025-09-15 13:43:05.600,T00000787,787,437.04,21,S,,,
SPY.P.ARCA,ARCA,2025-09-15 13:43:06.200,T00000788,788,436.44,22,B,,,
SPY.P.ARCA,ARCA,2025-09-15 13:43:06.500,T00000789,789,432.58,33,S,,,
SPY.P.ARCA,ARCA,2025-09-15 13:43:07.800,T00000790,790,443.75,61,B,,,
SPY.P.ARCA,ARCA,2025-09-15 13:43:09.000,T00000791,791,449.92,12,B,,,
SPY.P.ARCA,ARCA,2025-09-15 13:43:09.600,T00000792,792,450.73,26,B,,,
SPY.P.ARCA,ARCA,2025-09-15 13:43:10.100,T00000793,793,450.04,65,S,,,
SPY.P.ARCA,ARCA,2025-09-15 13:43:10.600,T00000794,794,445.28000000000003,13,B,,,
SPY.P.ARCA,ARCA,2025-09-15 13:43:11.000,T00000795,795,445.24,32,S,,,
SPY.P.ARCA,ARCA,2025-09-15 13:43:12.000,T00000796,796,443.66,12,B,,,
SPY.P.ARCA,ARCA,2025-09-15 13:43:12.200,T00000797,797,443.47,14,S,,,
SPY.P.ARCA,ARCA,2025-09-15 13:43:12.800,T00000798,798,440.15000000000003,28,S,,,
SPY.P.ARCA,ARCA,2025-09-15 13:43:13.600,T00000799,799,442.06,10,B,,,
SPY.P.ARCA,ARCA,2025-09-15 13:43:14.100,T00000800,800,441.2,90,S,,,
SPY.P.ARCA,ARCA,2025-09-15 13:43:16.200,T00000801,801,444.44,8,S,,,
SPY.P.ARCA,ARCA,2025-09-15 13:43:16.400,T00000802,802,447.34,13,B,,,
SPY.P.ARCA,ARCA,2025-09-15 13:43:16.900,T00000803,803,446.55,29,S,,,
SPY.P.ARCA,ARCA,2025-09-15 13:43:19.300,T00000804,804,438.5,15,B,,,
SPY.P.ARCA,ARCA,2025-09-15 13:43:20.300,T00000805,805,439.43,21,B,,,
SPY.P.ARCA,ARCA,2025-09-15 13:43:22.800,T00000806,806,437.58,36,S,,,
SPY.P.ARCA,ARCA,2025-09-15 13:43:24.200,T00000807,807,441.69,10,B,,,
SPY.P.ARCA,ARCA,2025-09-15 13:43:24.700,T00000808,808,443.31,49,B,,,
SPY.P.ARCA,ARCA,2025-09-15 13:43:29.400,T00000809,809,447.84000000000003,31,S,,,
SPY.P.ARCA,ARCA,2025-09-15 13:43:30.300,T00000810,810,448.55,17,S,,,
SPY.P.ARCA,ARCA,2025-09-15 13:43:30.700,T00000811,811,448.05,36,S,,,
SPY.P.ARCA,ARCA,2025-09-15 13:43:32.600,T00000812,812,435.36,17,B,,,
SPY.P.ARCA,ARCA,2025-09-15 13:43:34.600,T00000813,813,440.88,27,B,,,
SPY.P.ARCA,ARCA,2025-09-15 13:43:34.700,T00000814,814,439.69,19,S,,,
SPY.P.ARCA,ARCA,2025-09-15 13:43:35.000,T00000815,815,442.01,11,B,,,
SPY.P.ARCA,ARCA,2025-09-15 13:43:35.500,T00000816,816,443.24,10,B,,,
SPY.P.ARCA,ARCA,2025-09-15 13:43:38.400,T00000817,817,439.84000000000003,10,B,,,
SPY.P.ARCA,ARCA,2025-09-15 13:43:38.700,T00000818,818,439.56,35,B,,,
SPY.P.ARCA,ARCA,2025-09-15 13:43:40.300,T00000819,819,440.97,45,B,,,
SPY.P.ARCA,ARCA,2025-09-15 13:43:40.500,T00000820,820,440.23,13,S,,,
SPY.P.ARCA,ARCA,2025-09-15 13:43:42.200,T00000821,821,438.95,9,S,,,
SPY.P.ARCA,ARCA,2025-09-15 13:43:42.400,T00000822,822,440.65000000000003,25,B,,,
SPY.P.ARCA,ARCA,2025-09-15 13:43:42.500,T00000823,823,441.87,77,S,,,
SPY.P.ARCA,ARCA,2025-09-15 13:43:42.900,T00000824,824,443.0,39,S,,,
SPY.P.ARCA,ARCA,2025-09-15 13:43:43.900,T00000825,825,441.12,29,B,,,
SPY.P.ARCA,ARCA,2025-09-15 13:43:44.200,T00000826,826,441.19,34,S,,,
SPY.P.ARCA,ARCA,2025-09-15 13:43:44.500,T00000827,827,444.24,29,S,,,
SPY.P.ARCA,ARCA,2025-09-15 13:43:45.200,T00000828,828,443.69,18,B,,,
SPY.P.ARCA,ARCA,2025-09-15 13:43:45.300,T00000829,829,442.02,17,B,,,
SPY.P.ARCA,ARCA,2025-09-15 13:43:45.600,T00000830,830,442.79,41,B,,,
SPY.P.ARCA,ARCA,2025-09-15 13:43:46.500,T00000831,831,448.51,62,B,,,
SPY.P.ARCA,ARCA,2025-09-15 13:43:49.300,T00000832,832,445.22,13,S,,,
SPY.P.ARCA,ARCA,2025-09-15 13:43:50.000,T00000833,833,443.41,21,B,,,
SPY.P.ARCA,ARCA,2025-09-15 13:43:52.400,T00000834,834,456.25,84,B,,,
SPY.P.ARCA,ARCA,2025-09-15 13:43:53.900,T00000835,835,458.05,16,S,,,
SPY.P.ARCA,ARCA,2025-09-15 13:43:55.300,T00000836,836,458.24,34,B,,,
SPY.P.ARCA,ARCA,2025-09-15 13:43:56.000,T00000837,837,456.12,15,B,,,
SPY.P.ARCA,ARCA,2025-09-15 13:43:57.100,T00000838,838,452.19,59,B,,,
SPY.P.ARCA,ARCA,2025-09-15 13:43:57.700,T00000839,839,455.51,18,B,,,
SPY.P.ARCA,ARCA,2025-09-15 13:43:58.900,T00000840,840,448.08,23,S,,,
SPY.P.ARCA,ARCA,2025-09-15 13:43:59.400,T00000841,841,443.92,13,S,,,
SPY.P.ARCA,ARCA,2025-09-15 13:44:01.800,T00000842,842,437.69,10,S,,,
SPY.P.ARCA,ARCA,2025-09-15 13:44:04.000,T00000843,843,447.55,36,S,,,
SPY.P.ARCA,ARCA,2025-09-15 13:44:04.200,T00000844,844,446.02,18,S,,,
SPY.P.ARCA,ARCA,2025-09-15 13:44:05.300,T00000845,845,441.6,34,B,,,
SPY.P.ARCA,ARCA,2025-09-15 13:44:07.000,T00000846,846,445.48,52,B,,,
SPY.P.ARCA,ARCA,2025-09-15 13:44:07.100,T00000847,847,443.96000000000004,14,S,,,
SPY.P.ARCA,ARCA,2025-09-15 13:44:07.900,T00000848,848,444.63,32,B,,,
SPY.P.ARCA,ARCA,2025-09-15 13:44:08.500,T00000849,849,450.14,85,S,,,
SPY.P.ARCA,ARCA,2025-09-15 13:44:08.900,T00000850,850,451.68,20,S,,,
SPY.P.ARCA,ARCA,2025-09-15 13:44:09.600,T00000851,851,452.39,13,S,,,
SPY.P.ARCA,ARCA,2025-09-15 13:44:10.500,T00000852,852,449.64,11,S,,,
SPY.P.ARCA,ARCA,2025-09-15 13:44:13.700,T00000853,853,438.21000000000004,38,S,,,
SPY.P.ARCA,ARCA,2025-09-15 13:44:15.300,T00000854,854,441.0,17,B,,,
SPY.P.ARCA,ARCA,2025-09-15 13:44:15.900,T00000855,855,441.02,59,S,,,
SPY.P.ARCA,ARCA,2025-09-15 13:44:16.100,T00000856,856,445.01,19,B,,,
SPY.P.ARCA,ARCA,2025-09-15 13:44:19.600,T00000857,857,442.65000000000003,22,B,,,
SPY.P.ARCA,ARCA,2025-09-15 13:44:21.600,T00000858,858,440.35,13,B,,,
SPY.P.ARCA,ARCA,2025-09-15 13:44:21.700,T00000859,859,440.74,12,B,,,
SPY.P.ARCA,ARCA,2025-09-15 13:44:23.100,T00000860,860,444.35,27,B,,,
SPY.P.ARCA,ARCA,2025-09-15 13:44:23.900,T00000861,861,442.6,14,S,,,
SPY.P.ARCA,ARCA,2025-09-15 13:44:24.800,T00000862,862,446.16,19,S,,,
SPY.P.ARCA,ARCA,2025-09-15 13:44:25.100,T00000863,863,444.71000000000004,28,S,,,
SPY.P.ARCA,ARCA,2025-09-15 13:44:25.700,T00000864,864,442.75,133,S,,,
SPY.P.ARCA,ARCA,2025-09-15 13:44:26.200,T00000865,865,443.87,25,S,,,
SPY.P.ARCA,ARCA,2025-09-15 13:44:26.900,T00000866,866,450.01,11,B,,,
SPY.P.ARCA,ARCA,2025-09-15 13:44:29.900,T00000867,867,445.03000000000003,68,B,,,
SPY.P.ARCA,ARCA,2025-09-15 13:44:31.100,T00000868,868,444.41,15,B,,,
SPY.P.ARCA,ARCA,2025-09-15 13:44:31.800,T00000869,869,448.06,27,B,,,
SPY.P.ARCA,ARCA,2025-09-15 13:44:32.000,T00000870,870,448.99,21,B,,,
SPY.P.ARCA,ARCA,2025-09-15 13:44:36.600,T00000871,871,442.68,34,B,,,
SPY.P.ARCA,ARCA,2025-09-15 13:44:38.100,T00000872,872,442.76,18,S,,,
SPY.P.ARCA,ARCA,2025-09-15 13:44:38.500,T00000873,873,440.98,44,S,,,
SPY.P.ARCA,ARCA,2025-09-15 13:44:38.600,T00000874,874,443.24,10,B,,,
SPY.P.ARCA,ARCA,2025-09-15 13:44:39.800,T00000875,875,448.05,11,S,,,
SPY.P.ARCA,ARCA,2025-09-15 13:44:40.400,T00000876,876,450.09000000000003,14,B,,,
SPY.P.ARCA,ARCA,2025-09-15 13:44:41.600,T00000877,877,453.40000000000003,19,B,,,
SPY.P.ARCA,ARCA,2025-09-15 13:44:43.000,T00000878,878,449.43,17,S,,,
SPY.P.ARCA,ARCA,2025-09-15 13:44:43.100,T00000879,879,449.2,182,B,,,
SPY.P.ARCA,ARCA,2025-09-15 13:44:43.400,T00000880,880,447.19,11,S,,,
SPY.P.ARCA,ARCA,2025-09-15 13:44:43.700,T00000881,881,448.62,14,B,,,
SPY.P.ARCA,ARCA,2025-09-15 13:44:45.200,T00000882,882,452.71000000000004,21,S,,,
SPY.P.ARCA,ARCA,2025-09-15 13:44:46.000,T00000883,883,456.48,46,S,,,
SPY.P.ARCA,ARCA,2025-09-15 13:44:46.200,T00000884,884,458.68,11,B,,,
SPY.P.ARCA,ARCA,2025-09-15 13:44:47.200,T00000885,885,453.76,20,S,,,
SPY.P.ARCA,ARCA,2025-09-15 13:44:48.100,T00000886,886,450.13,10,S,,,
SPY.P.ARCA,ARCA,2025-09-15 13:44:49.300,T00000887,887,440.68,14,B,,,
SPY.P.ARCA,ARCA,2025-09-15 13:44:49.800,T00000888,888,442.67,20,S,,,
SPY.P.ARCA,ARCA,2025-09-15 13:44:50.900,T00000889,889,441.12,15,B,,,
SPY.P.ARCA,ARCA,2025-09-15 13:44:51.200,T00000890,890,443.23,11,B,,,
SPY.P.ARCA,ARCA,2025-09-15 13:44:51.400,T00000891,891,445.12,25,S,,,
SPY.P.ARCA,ARCA,2025-09-15 13:44:51.500,T00000892,892,445.75,27,B,,,
SPY.P.ARCA,ARCA,2025-09-15 13:44:51.700,T00000893,893,445.61,18,S,,,
SPY.P.ARCA,ARCA,2025-09-15 13:44:53.300,T00000894,894,448.72,13,B,,,
SPY.P.ARCA,ARCA,2025-09-15 13:44:53.500,T00000895,895,447.65000000000003,24,S,,,
SPY.P.ARCA,ARCA,2025-09-15 13:44:56.900,T00000896,896,444.74,53,S,,,
SPY.P.ARCA,ARCA,2025-09-15 13:44:57.000,T00000897,897,445.85,70,B,,,
SPY.P.ARCA,ARCA,2025-09-15 13:44:58.100,T00000898,898,451.0,26,B,,,
SPY.P.ARCA,ARCA,2025-09-15 13:44:58.400,T00000899,899,451.73,13,S,,,
SPY.P.ARCA,ARCA,2025-09-15 13:44:58.800,T00000900,900,448.92,27,S,,,
SPY.P.ARCA,ARCA,2025-09-15 13:44:59.600,T00000901,901,445.14,14,S,,,
SPY.P.ARCA,ARCA,2025-09-15 13:45:01.000,T00000902,902,447.47,11,B,,,
SPY.P.ARCA,ARCA,2025-09-15 13:45:03.000,T00000903,903,444.15000000000003,70,S,,,
SPY.P.ARCA,ARCA,2025-09-15 13:45:03.700,T00000904,904,446.11,47,B,,,
SPY.P.ARCA,ARCA,2025-09-15 13:45:05.200,T00000905,905,444.28000000000003,16,S,,,
SPY.P.ARCA,ARCA,2025-09-15 13:45:05.300,T00000906,906,443.22,20,B,,,
SPY.P.ARCA,ARCA,2025-09-15 13:45:05.900,T00000907,907,450.58,45,S,,,
SPY.P.ARCA,ARCA,2025-09-15 13:45:08.400,T00000908,908,439.44,33,S,,,
SPY.P.ARCA,ARCA,2025-09-15 13:45:08.500,T00000909,909,438.67,16,S,,,
SPY.P.ARCA,ARCA,2025-09-15 13:45:09.700,T00000910,910,443.26,24,B,,,
SPY.P.ARCA,ARCA,2025-09-15 13:45:11.900,T00000911,911,445.92,18,B,,,
SPY.P.ARCA,ARCA,2025-09-15 13:45:12.400,T00000912,912,448.96000000000004,4,B,,,
SPY.P.ARCA,ARCA,2025-09-15 13:45:13.400,T00000913,913,451.67,26,S,,,
SPY.P.ARCA,ARCA,2025-09-15 13:45:13.700,T00000914,914,450.83000000000004,15,S,,,
SPY.P.ARCA,ARCA,2025-09-15 13:45:14.200,T00000915,915,452.7,69,B,,,
SPY.P.ARCA,ARCA,2025-09-15 13:45:15.400,T00000916,916,452.47,32,B,,,
SPY.P.ARCA,ARCA,2025-09-15 13:45:16.100,T00000917,917,448.49,37,B,,,
SPY.P.ARCA,ARCA,2025-09-15 13:45:16.300,T00000918,918,449.78000000000003,18,S,,,
SPY.P.ARCA,ARCA,2025-09-15 13:45:16.700,T00000919,919,454.69,13,S,,,
SPY.P.ARCA,ARCA,2025-09-15 13:45:16.800,T00000920,920,455.24,19,B,,,
SPY.P.ARCA,ARCA,2025-09-15 13:45:17.400,T00000921,921,453.17,18,S,,,
SPY.P.ARCA,ARCA,2025-09-15 13:45:17.800,T00000922,922,453.91,20,B,,,
SPY.P.ARCA,ARCA,2025-09-15 13:45:20.100,T00000923,923,443.69,22,S,,,
SPY.P.ARCA,ARCA,2025-09-15 13:45:20.600,T00000924,924,448.08,13,S,,,
SPY.P.ARCA,ARCA,2025-09-15 13:45:20.700,T00000925,925,448.49,13,B,,,
SPY.P.ARCA,ARCA,2025-09-15 13:45:20.800,T00000926,926,448.39,18,S,,,
SPY.P.ARCA,ARCA,2025-09-15 13:45:22.000,T00000927,927,448.38,15,B,,,
SPY.P.ARCA,ARCA,2025-09-15 13:45:23.500,T00000928,928,450.83,22,S,,,
SPY.P.ARCA,ARCA,2025-09-15 13:45:23.900,T00000929,929,448.38,12,B,,,
SPY.P.ARCA,ARCA,2025-09-15 13:45:24.300,T00000930,930,453.3,18,B,,,
SPY.P.ARCA,ARCA,2025-09-15 13:45:25.800,T00000931,931,448.49,50,S,,,
SPY.P.ARCA,ARCA,2025-09-15 13:45:26.100,T00000932,932,449.32,13,B,,,
SPY.P.ARCA,ARCA,2025-09-15 13:45:27.900,T00000933,933,445.98,17,S,,,
SPY.P.ARCA,ARCA,2025-09-15 13:45:29.400,T00000934,934,445.6,34,S,,,
SPY.P.ARCA,ARCA,2025-09-15 13:45:29.700,T00000935,935,448.44,25,B,,,
SPY.P.ARCA,ARCA,2025-09-15 13:45:30.600,T00000936,936,452.31,29,S,,,
SPY.P.ARCA,ARCA,2025-09-15 13:45:30.700,T00000937,937,451.91,13,S,,,
SPY.P.ARCA,ARCA,2025-09-15 13:45:31.000,T00000938,938,451.5,10,S,,,
SPY.P.ARCA,ARCA,2025-09-15 13:45:31.100,T00000939,939,450.87,10,B,,,
SPY.P.ARCA,ARCA,2025-09-15 13:45:32.300,T00000940,940,451.4,126,B,,,
SPY.P.ARCA,ARCA,2025-09-15 13:45:32.400,T00000941,941,451.35,22,B,,,
SPY.P.ARCA,ARCA,2025-09-15 13:45:32.600,T00000942,942,452.98,14,S,,,
SPY.P.ARCA,ARCA,2025-09-15 13:45:33.400,T00000943,943,456.92,26,S,,,
SPY.P.ARCA,ARCA,2025-09-15 13:45:33.900,T00000944,944,456.17,20,B,,,
SPY.P.ARCA,ARCA,2025-09-15 13:45:35.500,T00000945,945,454.1,41,S,,,
SPY.P.ARCA,ARCA,2025-09-15 13:45:36.100,T00000946,946,454.19,10,S,,,
SPY.P.ARCA,ARCA,2025-09-15 13:45:36.400,T00000947,947,452.5,70,S,,,
SPY.P.ARCA,ARCA,2025-09-15 13:45:37.700,T00000948,948,453.58,91,B,,,
SPY.P.ARCA,ARCA,2025-09-15 13:45:39.200,T00000949,949,450.23,112,S,,,
SPY.P.ARCA,ARCA,2025-09-15 13:45:39.800,T00000950,950,450.61,11,B,,,
SPY.P.ARCA,ARCA,2025-09-15 13:45:43.600,T00000951,951,443.62,11,S,,,
SPY.P.ARCA,ARCA,2025-09-15 13:45:45.000,T00000952,952,447.0,23,S,,,
SPY.P.ARCA,ARCA,2025-09-15 13:45:45.500,T00000953,953,447.45,67,B,,,
SPY.P.ARCA,ARCA,2025-09-15 13:45:46.400,T00000954,954,447.52,51,S,,,
SPY.P.ARCA,ARCA,2025-09-15 13:45:46.800,T00000955,955,446.6,11,S,,,
SPY.P.ARCA,ARCA,2025-09-15 13:45:47.600,T00000956,956,449.36,23,B,,,
SPY.P.ARCA,ARCA,2025-09-15 13:45:48.000,T00000957,957,448.73,38,B,,,
SPY.P.ARCA,ARCA,2025-09-15 13:45:48.100,T00000958,958,448.36,11,S,,,
SPY.P.ARCA,ARCA,2025-09-15 13:45:48.400,T00000959,959,451.18,11,B,,,
SPY.P.ARCA,ARCA,2025-09-15 13:45:50.600,T00000960,960,454.73,42,B,,,
SPY.P.ARCA,ARCA,2025-09-15 13:45:50.700,T00000961,961,452.92,29,B,,,
SPY.P.ARCA,ARCA,2025-09-15 13:45:51.200,T00000962,962,452.53000000000003,78,S,,,
SPY.P.ARCA,ARCA,2025-09-15 13:45:51.900,T00000963,963,453.59000000000003,39,S,,,
SPY.P.ARCA,ARCA,2025-09-15 13:45:52.400,T00000964,964,451.52,84,S,,,
SPY.P.ARCA,ARCA,2025-09-15 13:45:55.700,T00000965,965,442.85,19,B,,,
SPY.P.ARCA,ARCA,2025-09-15 13:45:56.000,T00000966,966,441.64,13,S,,,
SPY.P.ARCA,ARCA,2025-09-15 13:45:57.600,T00000967,967,442.37,17,B,,,
SPY.P.ARCA,ARCA,2025-09-15 13:45:57.900,T00000968,968,442.7,40,S,,,
SPY.P.ARCA,ARCA,2025-09-15 13:45:58.600,T00000969,969,444.91,50,S,,,
SPY.P.ARCA,ARCA,2025-09-15 13:45:59.400,T00000970,970,446.78000000000003,11,S,,,
SPY.P.ARCA,ARCA,2025-09-15 13:46:00.200,T00000971,971,443.33,15,B,,,
SPY.P.ARCA,ARCA,2025-09-15 13:46:01.100,T00000972,972,440.79,34,S,,,
SPY.P.ARCA,ARCA,2025-09-15 13:46:01.200,T00000973,973,438.84000000000003,32,S,,,
SPY.P.ARCA,ARCA,2025-09-15 13:46:02.400,T00000974,974,438.93,82,B,,,
SPY.P.ARCA,ARCA,2025-09-15 13:46:03.700,T00000975,975,442.87,10,S,,,
SPY.P.ARCA,ARCA,2025-09-15 13:46:03.800,T00000976,976,444.25,13,S,,,
SPY.P.ARCA,ARCA,2025-09-15 13:46:04.100,T00000977,977,443.34000000000003,11,S,,,
SPY.P.ARCA,ARCA,2025-09-15 13:46:04.500,T00000978,978,445.90000000000003,13,S,,,
SPY.P.ARCA,ARCA,2025-09-15 13:46:05.800,T00000979,979,448.13,21,S,,,
SPY.P.ARCA,ARCA,2025-09-15 13:46:06.100,T00000980,980,448.81,30,S,,,
SPY.P.ARCA,ARCA,2025-09-15 13:46:06.400,T00000981,981,447.41,35,S,,,
SPY.P.ARCA,ARCA,2025-09-15 13:46:07.400,T00000982,982,452.04,22,S,,,
SPY.P.ARCA,ARCA,2025-09-15 13:46:08.200,T00000983,983,448.98,10,B,,,
SPY.P.ARCA,ARCA,2025-09-15 13:46:10.900,T00000984,984,444.16,49,S,,,
SPY.P.ARCA,ARCA,2025-09-15 13:46:11.100,T00000985,985,444.04,13,B,,,
SPY.P.ARCA,ARCA,2025-09-15 13:46:11.900,T00000986,986,449.58,15,B,,,
SPY.P.ARCA,ARCA,2025-09-15 13:46:12.100,T00000987,987,447.52,39,S,,,
SPY.P.ARCA,ARCA,2025-09-15 13:46:13.700,T00000988,988,449.94,15,B,,,
SPY.P.ARCA,ARCA,2025-09-15 13:46:17.600,T00000989,989,445.16,10,S,,,
SPY.P.ARCA,ARCA,2025-09-15 13:46:18.100,T00000990,990,449.69,182,B,,,
SPY.P.ARCA,ARCA,2025-09-15 13:46:18.800,T00000991,991,447.17,27,B,,,
SPY.P.ARCA,ARCA,2025-09-15 13:46:19.500,T00000992,992,447.27,43,S,,,
SPY.P.ARCA,ARCA,2025-09-15 13:46:21.200,T00000993,993,443.59000000000003,29,B,,,
SPY.P.ARCA,ARCA,2025-09-15 13:46:22.000,T00000994,994,441.02,13,S,,,
SPY.P.ARCA,ARCA,2025-09-15 13:46:23.300,T00000995,995,433.81,51,B,,,
SPY.P.ARCA,ARCA,2025-09-15 13:46:24.400,T00000996,996,433.55,20,B,,,
SPY.P.ARCA,ARCA,2025-09-15 13:46:24.800,T00000997,997,431.64,11,B,,,
SPY.P.ARCA,ARCA,2025-09-15 13:46:25.800,T00000998,998,431.29,22,S,,,
SPY.P.ARCA,ARCA,2025-09-15 13:46:26.400,T00000999,999,432.35,14,B,,,
SPY.P.ARCA,ARCA,2025-09-15 13:46:26.700,T00001000,1000,432.12,15,B,,,
SPY.P.ARCA,ARCA,2025-09-15 13:46:28.000,T00001001,1001,433.77000000000004,14,S,,,
SPY.P.ARCA,ARCA,2025-09-15 13:46:28.400,T00001002,1002,433.08,7,S,,,
SPY.P.ARCA,ARCA,2025-09-15 13:46:31.300,T00001003,1003,432.77,20,S,,,
SPY.P.ARCA,ARCA,2025-09-15 13:46:32.300,T00001004,1004,434.78000000000003,15,B,,,
SPY.P.ARCA,ARCA,2025-09-15 13:46:32.400,T00001005,1005,432.73,14,S,,,
SPY.P.ARCA,ARCA,2025-09-15 13:46:32.700,T00001006,1006,435.95,77,B,,,
SPY.P.ARCA,ARCA,2025-09-15 13:46:32.900,T00001007,1007,434.57,18,S,,,
SPY.P.ARCA,ARCA,2025-09-15 13:46:34.600,T00001008,1008,439.01,46,B,,,
SPY.P.ARCA,ARCA,2025-09-15 13:46:35.100,T00001009,1009,440.83,67,S,,,
SPY.P.ARCA,ARCA,2025-09-15 13:46:35.300,T00001010,1010,441.5,12,B,,,
SPY.P.ARCA,ARCA,2025-09-15 13:46:37.000,T00001011,1011,448.64,42,B,,,
SPY.P.ARCA,ARCA,2025-09-15 13:46:37.500,T00001012,1012,447.82,62,B,,,
SPY.P.ARCA,ARCA,2025-09-15 13:46:37.600,T00001013,1013,447.6,22,S,,,
SPY.P.ARCA,ARCA,2025-09-15 13:46:39.100,T00001014,1014,453.49,10,B,,,
SPY.P.ARCA,ARCA,2025-09-15 13:46:39.600,T00001015,1015,450.63,18,B,,,
SPY.P.ARCA,ARCA,2025-09-15 13:46:41.000,T00001016,1016,456.21000000000004,11,B,,,
SPY.P.ARCA,ARCA,2025-09-15 13:46:41.500,T00001017,1017,456.31,24,B,,,
SPY.P.ARCA,ARCA,2025-09-15 13:46:42.000,T00001018,1018,458.73,37,B,,,
SPY.P.ARCA,ARCA,2025-09-15 13:46:44.000,T00001019,1019,454.22,32,B,,,
SPY.P.ARCA,ARCA,2025-09-15 13:46:44.400,T00001020,1020,452.5,14,B,,,
SPY.P.ARCA,ARCA,2025-09-15 13:46:44.600,T00001021,1021,453.18,30,B,,,
SPY.P.ARCA,ARCA,2025-09-15 13:46:45.300,T00001022,1022,456.27,16,B,,,
SPY.P.ARCA,ARCA,2025-09-15 13:46:45.900,T00001023,1023,461.42,17,S,,,
SPY.P.ARCA,ARCA,2025-09-15 13:46:46.600,T00001024,1024,455.91,66,B,,,
SPY.P.ARCA,ARCA,2025-09-15 13:46:47.100,T00001025,1025,455.92,36,S,,,
SPY.P.ARCA,ARCA,2025-09-15 13:46:47.600,T00001026,1026,456.36,43,S,,,
SPY.P.ARCA,ARCA,2025-09-15 13:46:49.200,T00001027,1027,455.99,10,S,,,
SPY.P.ARCA,ARCA,2025-09-15 13:46:51.000,T00001028,1028,456.95,48,S,,,
SPY.P.ARCA,ARCA,2025-09-15 13:46:51.600,T00001029,1029,455.90000000000003,18,S,,,
SPY.P.ARCA,ARCA,2025-09-15 13:46:52.000,T00001030,1030,453.15000000000003,11,B,,,
SPY.P.ARCA,ARCA,2025-09-15 13:46:53.300,T00001031,1031,450.24,22,S,,,
SPY.P.ARCA,ARCA,2025-09-15 13:46:55.200,T00001032,1032,449.72,18,S,,,
SPY.P.ARCA,ARCA,2025-09-15 13:46:56.900,T00001033,1033,446.8,102,B,,,
SPY.P.ARCA,ARCA,2025-09-15 13:46:57.100,T00001034,1034,445.63,35,S,,,
SPY.P.ARCA,ARCA,2025-09-15 13:46:58.500,T00001035,1035,445.87,14,B,,,
SPY.P.ARCA,ARCA,2025-09-15 13:46:58.800,T00001036,1036,443.8,42,S,,,
SPY.P.ARCA,ARCA,2025-09-15 13:46:59.200,T00001037,1037,446.91,45,S,,,
SPY.P.ARCA,ARCA,2025-09-15 13:47:01.100,T00001038,1038,444.16,31,B,,,
SPY.P.ARCA,ARCA,2025-09-15 13:47:01.300,T00001039,1039,441.85,12,S,,,
SPY.P.ARCA,ARCA,2025-09-15 13:47:03.400,T00001040,1040,442.77,13,B,,,
SPY.P.ARCA,ARCA,2025-09-15 13:47:04.500,T00001041,1041,443.99,27,S,,,
SPY.P.ARCA,ARCA,2025-09-15 13:47:06.500,T00001042,1042,439.64,12,S,,,
SPY.P.ARCA,ARCA,2025-09-15 13:47:06.800,T00001043,1043,438.51,26,S,,,
SPY.P.ARCA,ARCA,2025-09-15 13:47:08.600,T00001044,1044,443.7,13,B,,,
SPY.P.ARCA,ARCA,2025-09-15 13:47:08.900,T00001045,1045,445.09000000000003,4,B,,,
SPY.P.ARCA,ARCA,2025-09-15 13:47:09.600,T00001046,1046,447.91,39,B,,,
SPY.P.ARCA,ARCA,2025-09-15 13:47:10.500,T00001047,1047,449.17,13,S,,,
SPY.P.ARCA,ARCA,2025-09-15 13:47:10.900,T00001048,1048,447.11,14,B,,,
SPY.P.ARCA,ARCA,2025-09-15 13:47:13.300,T00001049,1049,451.42,16,S,,,
SPY.P.ARCA,ARCA,2025-09-15 13:47:13.700,T00001050,1050,454.1,29,S,,,
SPY.P.ARCA,ARCA,2025-09-15 13:47:14.300,T00001051,1051,453.03000000000003,22,B,,,
SPY.P.ARCA,ARCA,2025-09-15 13:47:14.400,T00001052,1052,454.83,40,S,,,
SPY.P.ARCA,ARCA,2025-09-15 13:47:14.800,T00001053,1053,457.9,13,B,,,
SPY.P.ARCA,ARCA,2025-09-15 13:47:15.900,T00001054,1054,457.13,27,S,,,
SPY.P.ARCA,ARCA,2025-09-15 13:47:16.100,T00001055,1055,456.8,28,B,,,
SPY.P.ARCA,ARCA,2025-09-15 13:47:17.400,T00001056,1056,460.84000000000003,23,S,,,
SPY.P.ARCA,ARCA,2025-09-15 13:47:18.100,T00001057,1057,461.97,17,S,,,
SPY.P.ARCA,ARCA,2025-09-15 13:47:19.600,T00001058,1058,457.19,18,S,,,
SPY.P.ARCA,ARCA,2025-09-15 13:47:20.300,T00001059,1059,457.54,19,B,,,
SPY.P.ARCA,ARCA,2025-09-15 13:47:21.300,T00001060,1060,452.58,10,S,,,
SPY.P.ARCA,ARCA,2025-09-15 13:47:22.300,T00001061,1061,444.40000000000003,15,S,,,
SPY.P.ARCA,ARCA,2025-09-15 13:47:22.400,T00001062,1062,445.53000000000003,16,B,,,
SPY.P.ARCA,ARCA,2025-09-15 13:47:23.100,T00001063,1063,443.21000000000004,11,S,,,
SPY.P.ARCA,ARCA,2025-09-15 13:47:23.600,T00001064,1064,448.95,14,S,,,
SPY.P.ARCA,ARCA,2025-09-15 13:47:24.700,T00001065,1065,446.62,48,S,,,
SPY.P.ARCA,ARCA,2025-09-15 13:47:25.100,T00001066,1066,444.54,15,B,,,
SPY.P.ARCA,ARCA,2025-09-15 13:47:25.200,T00001067,1067,446.07,27,B,,,
SPY.P.ARCA,ARCA,2025-09-15 13:47:25.800,T00001068,1068,444.67,16,S,,,
SPY.P.ARCA,ARCA,2025-09-15 13:47:27.200,T00001069,1069,443.01,37,S,,,
SPY.P.ARCA,ARCA,2025-09-15 13:47:28.000,T00001070,1070,445.01,18,B,,,
SPY.P.ARCA,ARCA,2025-09-15 13:47:30.400,T00001071,1071,441.78000000000003,16,B,,,
SPY.P.ARCA,ARCA,2025-09-15 13:47:32.200,T00001072,1072,448.24,15,B,,,
SPY.P.ARCA,ARCA,2025-09-15 13:47:32.900,T00001073,1073,448.01,13,B,,,
SPY.P.ARCA,ARCA,2025-09-15 13:47:35.300,T00001074,1074,444.49,24,B,,,
SPY.P.ARCA,ARCA,2025-09-15 13:47:35.800,T00001075,1075,444.61,10,S,,,
SPY.P.ARCA,ARCA,2025-09-15 13:47:39.300,T00001076,1076,450.05,52,B,,,
SPY.P.ARCA,ARCA,2025-09-15 13:47:41.400,T00001077,1077,463.21000000000004,14,S,,,
SPY.P.ARCA,ARCA,2025-09-15 13:47:41.500,T00001078,1078,464.09,15,B,,,
SPY.P.ARCA,ARCA,2025-09-15 13:47:41.800,T00001079,1079,460.56,14,S,,,
SPY.P.ARCA,ARCA,2025-09-15 13:47:42.700,T00001080,1080,458.74,38,S,,,
SPY.P.ARCA,ARCA,2025-09-15 13:47:43.000,T00001081,1081,455.75,18,S,,,
SPY.P.ARCA,ARCA,2025-09-15 13:47:43.900,T00001082,1082,452.52,18,S,,,
SPY.P.ARCA,ARCA,2025-09-15 13:47:44.100,T00001083,1083,454.12,11,S,,,
SPY.P.ARCA,ARCA,2025-09-15 13:47:44.300,T00001084,1084,454.17,20,B,,,
SPY.P.ARCA,ARCA,2025-09-15 13:47:45.400,T00001085,1085,450.3,33,B,,,
SPY.P.ARCA,ARCA,2025-09-15 13:47:49.500,T00001086,1086,451.67,21,S,,,
SPY.P.ARCA,ARCA,2025-09-15 13:47:49.600,T00001087,1087,453.97,27,B,,,
SPY.P.ARCA,ARCA,2025-09-15 13:47:50.700,T00001088,1088,449.36,18,B,,,
SPY.P.ARCA,ARCA,2025-09-15 13:47:50.800,T00001089,1089,447.28000000000003,12,S,,,
SPY.P.ARCA,ARCA,2025-09-15 13:47:51.100,T00001090,1090,450.16,26,B,,,
SPY.P.ARCA,ARCA,2025-09-15 13:47:51.500,T00001091,1091,451.7,45,B,,,
SPY.P.ARCA,ARCA,2025-09-15 13:47:52.200,T00001092,1092,458.53000000000003,36,B,,,
SPY.P.ARCA,ARCA,2025-09-15 13:47:52.700,T00001093,1093,457.2,24,S,,,
SPY.P.ARCA,ARCA,2025-09-15 13:47:53.200,T00001094,1094,456.42,37,B,,,
SPY.P.ARCA,ARCA,2025-09-15 13:47:54.100,T00001095,1095,454.83000000000004,13,S,,,
SPY.P.ARCA,ARCA,2025-09-15 13:47:54.300,T00001096,1096,457.19,17,B,,,
SPY.P.ARCA,ARCA,2025-09-15 13:47:55.600,T00001097,1097,457.42,34,S,,,
SPY.P.ARCA,ARCA,2025-09-15 13:47:56.900,T00001098,1098,461.47,35,B,,,
SPY.P.ARCA,ARCA,2025-09-15 13:47:57.300,T00001099,1099,462.17,16,B,,,
SPY.P.ARCA,ARCA,2025-09-15 13:47:59.800,T00001100,1100,456.04,10,S,,,
SPY.P.ARCA,ARCA,2025-09-15 13:48:00.300,T00001101,1101,451.62,39,S,,,
SPY.P.ARCA,ARCA,2025-09-15 13:48:01.000,T00001102,1102,452.7,41,B,,,
SPY.P.ARCA,ARCA,2025-09-15 13:48:01.100,T00001103,1103,451.21000000000004,10,B,,,
SPY.P.ARCA,ARCA,2025-09-15 13:48:01.900,T00001104,1104,450.71000000000004,33,B,,,
SPY.P.ARCA,ARCA,2025-09-15 13:48:02.200,T00001105,1105,450.66,32,S,,,
SPY.P.ARCA,ARCA,2025-09-15 13:48:02.300,T00001106,1106,448.71000000000004,21,S,,,
SPY.P.ARCA,ARCA,2025-09-15 13:48:03.400,T00001107,1107,449.38,119,B,,,
SPY.P.ARCA,ARCA,2025-09-15 13:48:03.500,T00001108,1108,448.59000000000003,13,S,,,
SPY.P.ARCA,ARCA,2025-09-15 13:48:04.400,T00001109,1109,445.72,24,S,,,
SPY.P.ARCA,ARCA,2025-09-15 13:48:04.800,T00001110,1110,445.06,33,S,,,
SPY.P.ARCA,ARCA,2025-09-15 13:48:06.900,T00001111,1111,446.61,15,S,,,
SPY.P.ARCA,ARCA,2025-09-15 13:48:07.400,T00001112,1112,448.05,20,S,,,
SPY.P.ARCA,ARCA,2025-09-15 13:48:11.600,T00001113,1113,448.06,37,S,,,
SPY.P.ARCA,ARCA,2025-09-15 13:48:13.500,T00001114,1114,452.81,17,B,,,
SPY.P.ARCA,ARCA,2025-09-15 13:48:13.600,T00001115,1115,452.94,15,B,,,
SPY.P.ARCA,ARCA,2025-09-15 13:48:16.000,T00001116,1116,458.99,20,S,,,
SPY.P.ARCA,ARCA,2025-09-15 13:48:16.100,T00001117,1117,458.09000000000003,39,S,,,
SPY.P.ARCA,ARCA,2025-09-15 13:48:16.500,T00001118,1118,453.2,36,S,,,
SPY.P.ARCA,ARCA,2025-09-15 13:48:17.700,T00001119,1119,457.61,11,B,,,
SPY.P.ARCA,ARCA,2025-09-15 13:48:19.600,T00001120,1120,457.6,18,B,,,
SPY.P.ARCA,ARCA,2025-09-15 13:48:20.600,T00001121,1121,451.19,68,S,,,
SPY.P.ARCA,ARCA,2025-09-15 13:48:22.000,T00001122,1122,447.56,182,B,,,
SPY.P.ARCA,ARCA,2025-09-15 13:48:22.600,T00001123,1123,448.53000000000003,47,B,,,
SPY.P.ARCA,ARCA,2025-09-15 13:48:22.700,T00001124,1124,449.22,31,B,,,
SPY.P.ARCA,ARCA,2025-09-15 13:48:24.100,T00001125,1125,452.51,49,B,,,
SPY.P.ARCA,ARCA,2025-09-15 13:48:24.900,T00001126,1126,451.25,33,S,,,
SPY.P.ARCA,ARCA,2025-09-15 13:48:25.100,T00001127,1127,451.88,12,B,,,
SPY.P.ARCA,ARCA,2025-09-15 13:48:25.200,T00001128,1128,452.7,22,B,,,
SPY.P.ARCA,ARCA,2025-09-15 13:48:27.800,T00001129,1129,451.69,23,B,,,
SPY.P.ARCA,ARCA,2025-09-15 13:48:28.200,T00001130,1130,454.94,14,B,,,
SPY.P.ARCA,ARCA,2025-09-15 13:48:29.000,T00001131,1131,455.21000000000004,11,S,,,
SPY.P.ARCA,ARCA,2025-09-15 13:48:30.800,T00001132,1132,452.69,28,B,,,
SPY.P.ARCA,ARCA,2025-09-15 13:48:31.800,T00001133,1133,457.76,43,S,,,
SPY.P.ARCA,ARCA,2025-09-15 13:48:34.000,T00001134,1134,449.36,31,B,,,
SPY.P.ARCA,ARCA,2025-09-15 13:48:34.500,T00001135,1135,448.61,31,B,,,
SPY.P.ARCA,ARCA,2025-09-15 13:48:35.700,T00001136,1136,446.37,11,S,,,
SPY.P.ARCA,ARCA,2025-09-15 13:48:37.900,T00001137,1137,451.96000000000004,11,B,,,
SPY.P.ARCA,ARCA,2025-09-15 13:48:38.900,T00001138,1138,447.39,61,S,,,
SPY.P.ARCA,ARCA,2025-09-15 13:48:39.200,T00001139,1139,449.11,12,B,,,
SPY.P.ARCA,ARCA,2025-09-15 13:48:39.300,T00001140,1140,447.74,58,S,,,
SPY.P.ARCA,ARCA,2025-09-15 13:48:39.500,T00001141,1141,446.29,16,S,,,
SPY.P.ARCA,ARCA,2025-09-15 13:48:39.700,T00001142,1142,449.32,13,B,,,
SPY.P.ARCA,ARCA,2025-09-15 13:48:40.200,T00001143,1143,445.59000000000003,37,S,,,
SPY.P.ARCA,ARCA,2025-09-15 13:48:40.600,T00001144,1144,448.23,11,B,,,
SPY.P.ARCA,ARCA,2025-09-15 13:48:40.700,T00001145,1145,447.65000000000003,11,S,,,
SPY.P.ARCA,ARCA,2025-09-15 13:48:40.900,T00001146,1146,448.34000000000003,45,B,,,
SPY.P.ARCA,ARCA,2025-09-15 13:48:41.400,T00001147,1147,448.85,13,S,,,
SPY.P.ARCA,ARCA,2025-09-15 13:48:41.700,T00001148,1148,445.71000000000004,57,S,,,
SPY.P.ARCA,ARCA,2025-09-15 13:48:42.700,T00001149,1149,447.57,12,B,,,
SPY.P.ARCA,ARCA,2025-09-15 13:48:43.100,T00001150,1150,448.73,27,S,,,
SPY.P.ARCA,ARCA,2025-09-15 13:48:45.300,T00001151,1151,458.98,24,S,,,
SPY.P.ARCA,ARCA,2025-09-15 13:48:45.400,T00001152,1152,459.88,12,B,,,
SPY.P.ARCA,ARCA,2025-09-15 13:48:45.900,T00001153,1153,457.41,11,S,,,
SPY.P.ARCA,ARCA,2025-09-15 13:48:48.900,T00001154,1154,459.90000000000003,6,B,,,
SPY.P.ARCA,ARCA,2025-09-15 13:48:49.000,T00001155,1155,461.89,55,S,,,
SPY.P.ARCA,ARCA,2025-09-15 13:48:49.600,T00001156,1156,461.91,11,B,,,
SPY.P.ARCA,ARCA,2025-09-15 13:48:49.900,T00001157,1157,458.51,46,S,,,
SPY.P.ARCA,ARCA,2025-09-15 13:48:50.900,T00001158,1158,452.79,77,S,,,
SPY.P.ARCA,ARCA,2025-09-15 13:48:51.300,T00001159,1159,454.31,35,B,,,
SPY.P.ARCA,ARCA,2025-09-15 13:48:52.700,T00001160,1160,459.41,23,B,,,
SPY.P.ARCA,ARCA,2025-09-15 13:48:53.700,T00001161,1161,459.82,43,B,,,
SPY.P.ARCA,ARCA,2025-09-15 13:48:54.800,T00001162,1162,457.93,28,B,,,
SPY.P.ARCA,ARCA,2025-09-15 13:48:55.300,T00001163,1163,454.99,13,B,,,
SPY.P.ARCA,ARCA,2025-09-15 13:48:55.900,T00001164,1164,452.48,15,S,,,
SPY.P.ARCA,ARCA,2025-09-15 13:48:56.800,T00001165,1165,450.1,8,B,,,
SPY.P.ARCA,ARCA,2025-09-15 13:48:56.900,T00001166,1166,448.67,154,S,,,
SPY.P.ARCA,ARCA,2025-09-15 13:48:57.200,T00001167,1167,448.43,16,S,,,
SPY.P.ARCA,ARCA,2025-09-15 13:48:57.400,T00001168,1168,447.40000000000003,33,S,,,
SPY.P.ARCA,ARCA,2025-09-15 13:48:58.400,T00001169,1169,448.84,12,B,,,
SPY.P.ARCA,ARCA,2025-09-15 13:49:00.000,T00001170,1170,452.1,24,S,,,
SPY.P.ARCA,ARCA,2025-09-15 13:49:02.900,T00001171,1171,461.29,10,S,,,
SPY.P.ARCA,ARCA,2025-09-15 13:49:04.900,T00001172,1172,461.52,29,S,,,
SPY.P.ARCA,ARCA,2025-09-15 13:49:05.000,T00001173,1173,462.2,63,S,,,
SPY.P.ARCA,ARCA,2025-09-15 13:49:05.500,T00001174,1174,459.64,23,S,,,
SPY.P.ARCA,ARCA,2025-09-15 13:49:06.200,T00001175,1175,461.65000000000003,18,B,,,
SPY.P.ARCA,ARCA,2025-09-15 13:49:06.700,T00001176,1176,461.79,32,B,,,
SPY.P.ARCA,ARCA,2025-09-15 13:49:07.200,T00001177,1177,461.81,12,B,,,
SPY.P.ARCA,ARCA,2025-09-15 13:49:07.500,T00001178,1178,460.27,4,B,,,
SPY.P.ARCA,ARCA,2025-09-15 13:49:08.200,T00001179,1179,462.67,16,B,,,
SPY.P.ARCA,ARCA,2025-09-15 13:49:09.800,T00001180,1180,458.39,13,B,,,
SPY.P.ARCA,ARCA,2025-09-15 13:49:12.100,T00001181,1181,460.26,10,B,,,
SPY.P.ARCA,ARCA,2025-09-15 13:49:14.200,T00001182,1182,455.14,104,S,,,
SPY.P.ARCA,ARCA,2025-09-15 13:49:15.200,T00001183,1183,461.52,11,B,,,
SPY.P.ARCA,ARCA,2025-09-15 13:49:16.600,T00001184,1184,460.52,16,B,,,
SPY.P.ARCA,ARCA,2025-09-15 13:49:17.600,T00001185,1185,461.29,12,S,,,
SPY.P.ARCA,ARCA,2025-09-15 13:49:17.900,T00001186,1186,459.13,18,B,,,
SPY.P.ARCA,ARCA,2025-09-15 13:49:18.100,T00001187,1187,459.61,11,S,,,
SPY.P.ARCA,ARCA,2025-09-15 13:49:20.000,T00001188,1188,455.78000000000003,28,S,,,
SPY.P.ARCA,ARCA,2025-09-15 13:49:21.100,T00001189,1189,460.69,18,S,,,
SPY.P.ARCA,ARCA,2025-09-15 13:49:22.700,T00001190,1190,461.40000000000003,36,B,,,
SPY.P.ARCA,ARCA,2025-09-15 13:49:23.200,T00001191,1191,459.49,175,S,,,
SPY.P.ARCA,ARCA,2025-09-15 13:49:26.400,T00001192,1192,446.05,119,S,,,
SPY.P.ARCA,ARCA,2025-09-15 13:49:26.600,T00001193,1193,445.56,14,B,,,
SPY.P.ARCA,ARCA,2025-09-15 13:49:26.900,T00001194,1194,447.3,14,S,,,
SPY.P.ARCA,ARCA,2025-09-15 13:49:27.300,T00001195,1195,444.88,112,S,,,
SPY.P.ARCA,ARCA,2025-09-15 13:49:28.600,T00001196,1196,448.25,189,B,,,
SPY.P.ARCA,ARCA,2025-09-15 13:49:29.200,T00001197,1197,452.77,36,B,,,
SPY.P.ARCA,ARCA,2025-09-15 13:49:31.000,T00001198,1198,447.51,62,S,,,
SPY.P.ARCA,ARCA,2025-09-15 13:49:32.000,T00001199,1199,444.12,64,B,,,
SPY.P.ARCA,ARCA,2025-09-15 13:49:32.100,T00001200,1200,444.72,13,B,,,
SPY.P.ARCA,ARCA,2025-09-15 13:49:33.800,T00001201,1201,452.99,24,B,,,
SPY.P.ARCA,ARCA,2025-09-15 13:49:34.900,T00001202,1202,452.96000000000004,24,S,,,
SPY.P.ARCA,ARCA,2025-09-15 13:49:35.800,T00001203,1203,454.88,37,S,,,
SPY.P.ARCA,ARCA,2025-09-15 13:49:36.300,T00001204,1204,456.93,42,B,,,
SPY.P.ARCA,ARCA,2025-09-15 13:49:36.400,T00001205,1205,455.76,151,B,,,
SPY.P.ARCA,ARCA,2025-09-15 13:49:36.500,T00001206,1206,452.7,15,S,,,
SPY.P.ARCA,ARCA,2025-09-15 13:49:37.900,T00001207,1207,453.26,20,B,,,
SPY.P.ARCA,ARCA,2025-09-15 13:49:38.200,T00001208,1208,453.47,109,B,,,
SPY.P.ARCA,ARCA,2025-09-15 13:49:39.700,T00001209,1209,458.43,8,S,,,
SPY.P.ARCA,ARCA,2025-09-15 13:49:40.900,T00001210,1210,463.64,77,B,,,
SPY.P.ARCA,ARCA,2025-09-15 13:49:41.200,T00001211,1211,465.34000000000003,17,S,,,
SPY.P.ARCA,ARCA,2025-09-15 13:49:43.500,T00001212,1212,462.90000000000003,76,S,,,
SPY.P.ARCA,ARCA,2025-09-15 13:49:43.900,T00001213,1213,463.1,31,B,,,
SPY.P.ARCA,ARCA,2025-09-15 13:49:46.300,T00001214,1214,466.3,28,S,,,
SPY.P.ARCA,ARCA,2025-09-15 13:49:46.900,T00001215,1215,464.4,11,B,,,
SPY.P.ARCA,ARCA,2025-09-15 13:49:48.200,T00001216,1216,468.68,69,B,,,
SPY.P.ARCA,ARCA,2025-09-15 13:49:49.500,T00001217,1217,463.7,24,B,,,
SPY.P.ARCA,ARCA,2025-09-15 13:49:50.300,T00001218,1218,459.78000000000003,11,S,,,
SPY.P.ARCA,ARCA,2025-09-15 13:49:52.100,T00001219,1219,450.38,72,B,,,
SPY.P.ARCA,ARCA,2025-09-15 13:49:56.000,T00001220,1220,451.02000000000004,11,S,,,
SPY.P.ARCA,ARCA,2025-09-15 13:49:56.300,T00001221,1221,449.85,11,B,,,
SPY.P.ARCA,ARCA,2025-09-15 13:49:58.300,T00001222,1222,442.6,29,S,,,
SPY.P.ARCA,ARCA,2025-09-15 13:49:58.400,T00001223,1223,443.11,14,B,,,
SPY.P.ARCA,ARCA,2025-09-15 13:49:59.500,T00001224,1224,437.7,18,S,,,
SPY.P.ARCA,ARCA,2025-09-15 13:50:00.800,T00001225,1225,438.18,13,S,,,
SPY.P.ARCA,ARCA,2025-09-15 13:50:00.900,T00001226,1226,437.94,17,S,,,
SPY.P.ARCA,ARCA,2025-09-15 13:50:01.400,T00001227,1227,441.91,24,S,,,
SPY.P.ARCA,ARCA,2025-09-15 13:50:02.400,T00001228,1228,440.82,17,B,,,
SPY.P.ARCA,ARCA,2025-09-15 13:50:03.500,T00001229,1229,449.13,26,B,,,
SPY.P.ARCA,ARCA,2025-09-15 13:50:03.700,T00001230,1230,451.76,75,B,,,
SPY.P.ARCA,ARCA,2025-09-15 13:50:07.200,T00001231,1231,458.37,11,S,,,
SPY.P.ARCA,ARCA,2025-09-15 13:50:07.300,T00001232,1232,457.19,21,S,,,
SPY.P.ARCA,ARCA,2025-09-15 13:50:09.700,T00001233,1233,453.61,24,B,,,
SPY.P.ARCA,ARCA,2025-09-15 13:50:10.600,T00001234,1234,453.77,11,B,,,
SPY.P.ARCA,ARCA,2025-09-15 13:50:11.900,T00001235,1235,457.38,50,B,,,
SPY.P.ARCA,ARCA,2025-09-15 13:50:12.500,T00001236,1236,456.42,14,S,,,
SPY.P.ARCA,ARCA,2025-09-15 13:50:12.800,T00001237,1237,455.33,13,B,,,
SPY.P.ARCA,ARCA,2025-09-15 13:50:13.300,T00001238,1238,457.64,26,S,,,
SPY.P.ARCA,ARCA,2025-09-15 13:50:13.600,T00001239,1239,456.77,22,B,,,
SPY.P.ARCA,ARCA,2025-09-15 13:50:14.900,T00001240,1240,451.72,43,S,,,
SPY.P.ARCA,ARCA,2025-09-15 13:50:15.600,T00001241,1241,450.78000000000003,34,B,,,
SPY.P.ARCA,ARCA,2025-09-15 13:50:16.400,T00001242,1242,454.83,45,B,,,
SPY.P.ARCA,ARCA,2025-09-15 13:50:19.000,T00001243,1243,458.97,16,B,,,
SPY.P.ARCA,ARCA,2025-09-15 13:50:19.200,T00001244,1244,459.49,13,B,,,
SPY.P.ARCA,ARCA,2025-09-15 13:50:21.700,T00001245,1245,460.47,22,S,,,
SPY.P.ARCA,ARCA,2025-09-15 13:50:22.300,T00001246,1246,465.13,10,B,,,
SPY.P.ARCA,ARCA,2025-09-15 13:50:23.900,T00001247,1247,463.24,30,S,,,
SPY.P.ARCA,ARCA,2025-09-15 13:50:24.100,T00001248,1248,464.90000000000003,15,S,,,
SPY.P.ARCA,ARCA,2025-09-15 13:50:27.100,T00001249,1249,467.5,11,B,,,
SPY.P.ARCA,ARCA,2025-09-15 13:50:27.200,T00001250,1250,467.18,13,B,,,
SPY.P.ARCA,ARCA,2025-09-15 13:50:28.400,T00001251,1251,469.01,54,S,,,
SPY.P.ARCA,ARCA,2025-09-15 13:50:28.600,T00001252,1252,470.76,20,S,,,
SPY.P.ARCA,ARCA,2025-09-15 13:50:30.300,T00001253,1253,459.93,21,B,,,
SPY.P.ARCA,ARCA,2025-09-15 13:50:30.400,T00001254,1254,460.19,12,S,,,
SPY.P.ARCA,ARCA,2025-09-15 13:50:31.100,T00001255,1255,457.99,16,B,,,
SPY.P.ARCA,ARCA,2025-09-15 13:50:31.300,T00001256,1256,458.62,46,B,,,
SPY.P.ARCA,ARCA,2025-09-15 13:50:31.500,T00001257,1257,456.13,18,B,,,
SPY.P.ARCA,ARCA,2025-09-15 13:50:32.000,T00001258,1258,456.09000000000003,27,S,,,
SPY.P.ARCA,ARCA,2025-09-15 13:50:33.100,T00001259,1259,455.46000000000004,28,S,,,
SPY.P.ARCA,ARCA,2025-09-15 13:50:34.100,T00001260,1260,450.09000000000003,126,S,,,
SPY.P.ARCA,ARCA,2025-09-15 13:50:35.100,T00001261,1261,443.99,24,B,,,
SPY.P.ARCA,ARCA,2025-09-15 13:50:36.900,T00001262,1262,435.38,78,S,,,
SPY.P.ARCA,ARCA,2025-09-15 13:50:37.100,T00001263,1263,435.40000000000003,14,S,,,
SPY.P.ARCA,ARCA,2025-09-15 13:50:37.900,T00001264,1264,439.38,11,S,,,
SPY.P.ARCA,ARCA,2025-09-15 13:50:40.000,T00001265,1265,442.19,12,S,,,
SPY.P.ARCA,ARCA,2025-09-15 13:50:41.700,T00001266,1266,447.14,43,B,,,
SPY.P.ARCA,ARCA,2025-09-15 13:50:41.800,T00001267,1267,447.93,18,B,,,
SPY.P.ARCA,ARCA,2025-09-15 13:50:42.100,T00001268,1268,445.90000000000003,16,S,,,
SPY.P.ARCA,ARCA,2025-09-15 13:50:42.700,T00001269,1269,448.16,18,S,,,
SPY.P.ARCA,ARCA,2025-09-15 13:50:43.100,T00001270,1270,448.39,22,B,,,
SPY.P.ARCA,ARCA,2025-09-15 13:50:45.400,T00001271,1271,448.66,10,S,,,
SPY.P.ARCA,ARCA,2025-09-15 13:50:47.200,T00001272,1272,445.26,14,S,,,
SPY.P.ARCA,ARCA,2025-09-15 13:50:47.500,T00001273,1273,447.33,19,B,,,
SPY.P.ARCA,ARCA,2025-09-15 13:50:48.100,T00001274,1274,448.47,55,S,,,
SPY.P.ARCA,ARCA,2025-09-15 13:50:49.800,T00001275,1275,453.09000000000003,9,S,,,
SPY.P.ARCA,ARCA,2025-09-15 13:50:52.300,T00001276,1276,463.2,43,B,,,
SPY.P.ARCA,ARCA,2025-09-15 13:50:52.500,T00001277,1277,462.16,68,S,,,
SPY.P.ARCA,ARCA,2025-09-15 13:50:52.900,T00001278,1278,460.29,30,S,,,
SPY.P.ARCA,ARCA,2025-09-15 13:50:53.800,T00001279,1279,460.3,24,B,,,
SPY.P.ARCA,ARCA,2025-09-15 13:50:54.000,T00001280,1280,458.12,57,B,,,
SPY.P.ARCA,ARCA,2025-09-15 13:50:54.100,T00001281,1281,459.39,13,B,,,
SPY.P.ARCA,ARCA,2025-09-15 13:50:55.300,T00001282,1282,461.31,12,S,,,
SPY.P.ARCA,ARCA,2025-09-15 13:50:56.000,T00001283,1283,462.55,77,B,,,
SPY.P.ARCA,ARCA,2025-09-15 13:50:56.300,T00001284,1284,458.3,47,S,,,
SPY.P.ARCA,ARCA,2025-09-15 13:51:00.000,T00001285,1285,452.67,25,S,,,
SPY.P.ARCA,ARCA,2025-09-15 13:51:00.400,T00001286,1286,455.79,51,B,,,
SPY.P.ARCA,ARCA,2025-09-15 13:51:01.300,T00001287,1287,456.13,15,B,,,
SPY.P.ARCA,ARCA,2025-09-15 13:51:03.900,T00001288,1288,463.95000000000005,31,S,,,
SPY.P.ARCA,ARCA,2025-09-15 13:51:06.000,T00001289,1289,462.09000000000003,27,S,,,
SPY.P.ARCA,ARCA,2025-09-15 13:51:07.300,T00001290,1290,457.78000000000003,47,S,,,
SPY.P.ARCA,ARCA,2025-09-15 13:51:07.700,T00001291,1291,462.76,11,S,,,
SPY.P.ARCA,ARCA,2025-09-15 13:51:07.900,T00001292,1292,464.07,11,B,,,
SPY.P.ARCA,ARCA,2025-09-15 13:51:08.800,T00001293,1293,462.04,9,B,,,
SPY.P.ARCA,ARCA,2025-09-15 13:51:09.600,T00001294,1294,459.52,11,S,,,
SPY.P.ARCA,ARCA,2025-09-15 13:51:10.000,T00001295,1295,455.71000000000004,43,B,,,
SPY.P.ARCA,ARCA,2025-09-15 13:51:12.200,T00001296,1296,450.25,11,S,,,
SPY.P.ARCA,ARCA,2025-09-15 13:51:12.400,T00001297,1297,446.51,13,S,,,
SPY.P.ARCA,ARCA,2025-09-15 13:51:13.700,T00001298,1298,447.24,12,S,,,
SPY.P.ARCA,ARCA,2025-09-15 13:51:13.800,T00001299,1299,447.40000000000003,29,S,,,
SPY.P.ARCA,ARCA,2025-09-15 13:51:17.200,T00001300,1300,457.5,210,B,,,
SPY.P.ARCA,ARCA,2025-09-15 13:51:17.600,T00001301,1301,455.39,10,S,,,
SPY.P.ARCA,ARCA,2025-09-15 13:51:17.900,T00001302,1302,453.47,140,S,,,
SPY.P.ARCA,ARCA,2025-09-15 13:51:20.400,T00001303,1303,445.54,16,B,,,
SPY.P.ARCA,ARCA,2025-09-15 13:51:20.500,T00001304,1304,444.63,5,B,,,
SPY.P.ARCA,ARCA,2025-09-15 13:51:21.800,T00001305,1305,449.17,11,S,,,
SPY.P.ARCA,ARCA,2025-09-15 13:51:24.000,T00001306,1306,443.85,4,B,,,
SPY.P.ARCA,ARCA,2025-09-15 13:51:26.200,T00001307,1307,443.17,105,B,,,
SPY.P.ARCA,ARCA,2025-09-15 13:51:26.300,T00001308,1308,444.48,33,S,,,
SPY.P.ARCA,ARCA,2025-09-15 13:51:27.000,T00001309,1309,445.12,13,B,,,
SPY.P.ARCA,ARCA,2025-09-15 13:51:28.100,T00001310,1310,443.79,28,S,,,
SPY.P.ARCA,ARCA,2025-09-15 13:51:28.200,T00001311,1311,444.1,19,B,,,
SPY.P.ARCA,ARCA,2025-09-15 13:51:29.700,T00001312,1312,445.52,11,S,,,
SPY.P.ARCA,ARCA,2025-09-15 13:51:31.200,T00001313,1313,444.75,13,B,,,
SPY.P.ARCA,ARCA,2025-09-15 13:51:31.500,T00001314,1314,445.36,44,S,,,
SPY.P.ARCA,ARCA,2025-09-15 13:51:32.000,T00001315,1315,445.61,59,S,,,
SPY.P.ARCA,ARCA,2025-09-15 13:51:35.700,T00001316,1316,450.77,33,S,,,
SPY.P.ARCA,ARCA,2025-09-15 13:51:35.800,T00001317,1317,450.79,31,S,,,
SPY.P.ARCA,ARCA,2025-09-15 13:51:38.700,T00001318,1318,446.93,23,B,,,
SPY.P.ARCA,ARCA,2025-09-15 13:51:39.300,T00001319,1319,443.68,91,S,,,
SPY.P.ARCA,ARCA,2025-09-15 13:51:39.800,T00001320,1320,442.90000000000003,19,S,,,
SPY.P.ARCA,ARCA,2025-09-15 13:51:41.100,T00001321,1321,443.54,8,S,,,
SPY.P.ARCA,ARCA,2025-09-15 13:51:41.900,T00001322,1322,446.18,18,S,,,
SPY.P.ARCA,ARCA,2025-09-15 13:51:42.900,T00001323,1323,450.29,13,B,,,
SPY.P.ARCA,ARCA,2025-09-15 13:51:43.700,T00001324,1324,449.81,25,B,,,
SPY.P.ARCA,ARCA,2025-09-15 13:51:45.400,T00001325,1325,447.17,91,S,,,
SPY.P.ARCA,ARCA,2025-09-15 13:51:46.800,T00001326,1326,446.16,53,B,,,
SPY.P.ARCA,ARCA,2025-09-15 13:51:48.200,T00001327,1327,439.81,20,B,,,
SPY.P.ARCA,ARCA,2025-09-15 13:51:50.100,T00001328,1328,444.07,49,S,,,
SPY.P.ARCA,ARCA,2025-09-15 13:51:50.600,T00001329,1329,444.78000000000003,12,S,,,
SPY.P.ARCA,ARCA,2025-09-15 13:51:52.700,T00001330,1330,449.27,55,B,,,
SPY.P.ARCA,ARCA,2025-09-15 13:51:53.700,T00001331,1331,449.43,30,B,,,
SPY.P.ARCA,ARCA,2025-09-15 13:51:53.900,T00001332,1332,450.38,17,S,,,
SPY.P.ARCA,ARCA,2025-09-15 13:51:54.000,T00001333,1333,449.63,13,S,,,
SPY.P.ARCA,ARCA,2025-09-15 13:51:54.100,T00001334,1334,450.01,39,B,,,
SPY.P.ARCA,ARCA,2025-09-15 13:51:54.400,T00001335,1335,449.97,18,B,,,
SPY.P.ARCA,ARCA,2025-09-15 13:51:55.200,T00001336,1336,449.53000000000003,12,S,,,
SPY.P.ARCA,ARCA,2025-09-15 13:51:55.300,T00001337,1337,449.18,20,S,,,
SPY.P.ARCA,ARCA,2025-09-15 13:51:57.000,T00001338,1338,452.1,126,B,,,
SPY.P.ARCA,ARCA,2025-09-15 13:51:58.300,T00001339,1339,453.49,11,S,,,
SPY.P.ARCA,ARCA,2025-09-15 13:51:59.300,T00001340,1340,451.84000000000003,34,S,,,
SPY.P.ARCA,ARCA,2025-09-15 13:52:00.200,T00001341,1341,452.06,17,S,,,
SPY.P.ARCA,ARCA,2025-09-15 13:52:00.900,T00001342,1342,455.42,26,S,,,
SPY.P.ARCA,ARCA,2025-09-15 13:52:02.700,T00001343,1343,452.04,15,B,,,
SPY.P.ARCA,ARCA,2025-09-15 13:52:05.500,T00001344,1344,440.59000000000003,38,S,,,
SPY.P.ARCA,ARCA,2025-09-15 13:52:07.100,T00001345,1345,437.65000000000003,18,S,,,
SPY.P.ARCA,ARCA,2025-09-15 13:52:09.300,T00001346,1346,438.24,49,B,,,
SPY.P.ARCA,ARCA,2025-09-15 13:52:10.200,T00001347,1347,436.61,128,S,,,
SPY.P.ARCA,ARCA,2025-09-15 13:52:11.300,T00001348,1348,436.33,20,S,,,
SPY.P.ARCA,ARCA,2025-09-15 13:52:13.800,T00001349,1349,449.37,11,S,,,
SPY.P.ARCA,ARCA,2025-09-15 13:52:15.500,T00001350,1350,449.49,15,B,,,
SPY.P.ARCA,ARCA,2025-09-15 13:52:15.900,T00001351,1351,450.85,12,B,,,
SPY.P.ARCA,ARCA,2025-09-15 13:52:16.200,T00001352,1352,451.44,11,S,,,
SPY.P.ARCA,ARCA,2025-09-15 13:52:18.200,T00001353,1353,451.76,12,S,,,
SPY.P.ARCA,ARCA,2025-09-15 13:52:18.700,T00001354,1354,450.46000000000004,13,B,,,
SPY.P.ARCA,ARCA,2025-09-15 13:52:22.500,T00001355,1355,447.23,14,B,,,
SPY.P.ARCA,ARCA,2025-09-15 13:52:22.700,T00001356,1356,448.26,20,S,,,
SPY.P.ARCA,ARCA,2025-09-15 13:52:22.900,T00001357,1357,448.25,20,S,,,
SPY.P.ARCA,ARCA,2025-09-15 13:52:23.300,T00001358,1358,450.31,14,B,,,
SPY.P.ARCA,ARCA,2025-09-15 13:52:23.400,T00001359,1359,450.55,29,B,,,
SPY.P.ARCA,ARCA,2025-09-15 13:52:23.700,T00001360,1360,451.2,16,B,,,
SPY.P.ARCA,ARCA,2025-09-15 13:52:24.700,T00001361,1361,449.5,15,S,,,
SPY.P.ARCA,ARCA,2025-09-15 13:52:25.200,T00001362,1362,450.03000000000003,21,B,,,
SPY.P.ARCA,ARCA,2025-09-15 13:52:25.300,T00001363,1363,451.47,61,B,,,
SPY.P.ARCA,ARCA,2025-09-15 13:52:26.500,T00001364,1364,445.06,19,S,,,
SPY.P.ARCA,ARCA,2025-09-15 13:52:26.700,T00001365,1365,446.26,15,B,,,
SPY.P.ARCA,ARCA,2025-09-15 13:52:28.200,T00001366,1366,447.77,55,B,,,
SPY.P.ARCA,ARCA,2025-09-15 13:52:28.700,T00001367,1367,450.45,30,B,,,
SPY.P.ARCA,ARCA,2025-09-15 13:52:29.300,T00001368,1368,445.98,126,S,,,
SPY.P.ARCA,ARCA,2025-09-15 13:52:29.800,T00001369,1369,446.2,11,B,,,
SPY.P.ARCA,ARCA,2025-09-15 13:52:30.200,T00001370,1370,450.38,13,B,,,
SPY.P.ARCA,ARCA,2025-09-15 13:52:30.600,T00001371,1371,454.04,43,S,,,
SPY.P.ARCA,ARCA,2025-09-15 13:52:30.800,T00001372,1372,453.36,41,B,,,
SPY.P.ARCA,ARCA,2025-09-15 13:52:33.200,T00001373,1373,442.47,59,S,,,
SPY.P.ARCA,ARCA,2025-09-15 13:52:34.800,T00001374,1374,451.93,13,B,,,
SPY.P.ARCA,ARCA,2025-09-15 13:52:35.000,T00001375,1375,450.25,11,S,,,
SPY.P.ARCA,ARCA,2025-09-15 13:52:35.600,T00001376,1376,447.90000000000003,15,B,,,
SPY.P.ARCA,ARCA,2025-09-15 13:52:36.900,T00001377,1377,449.7,15,S,,,
SPY.P.ARCA,ARCA,2025-09-15 13:52:37.100,T00001378,1378,450.68,14,S,,,
SPY.P.ARCA,ARCA,2025-09-15 13:52:37.600,T00001379,1379,455.14,17,B,,,
SPY.P.ARCA,ARCA,2025-09-15 13:52:38.000,T00001380,1380,453.28000000000003,11,S,,,
SPY.P.ARCA,ARCA,2025-09-15 13:52:38.800,T00001381,1381,450.29,19,B,,,
SPY.P.ARCA,ARCA,2025-09-15 13:52:39.000,T00001382,1382,449.76,33,S,,,
SPY.P.ARCA,ARCA,2025-09-15 13:52:39.100,T00001383,1383,452.05,31,B,,,
SPY.P.ARCA,ARCA,2025-09-15 13:52:39.400,T00001384,1384,448.88,32,S,,,
SPY.P.ARCA,ARCA,2025-09-15 13:52:41.200,T00001385,1385,454.54,22,S,,,
SPY.P.ARCA,ARCA,2025-09-15 13:52:44.600,T00001386,1386,453.16,56,B,,,
SPY.P.ARCA,ARCA,2025-09-15 13:52:44.800,T00001387,1387,455.72,117,B,,,
SPY.P.ARCA,ARCA,2025-09-15 13:52:49.500,T00001388,1388,443.04,35,B,,,
SPY.P.ARCA,ARCA,2025-09-15 13:52:51.900,T00001389,1389,449.76,10,B,,,
SPY.P.ARCA,ARCA,2025-09-15 13:52:52.700,T00001390,1390,448.61,14,B,,,
SPY.P.ARCA,ARCA,2025-09-15 13:52:53.900,T00001391,1391,453.92,10,S,,,
SPY.P.ARCA,ARCA,2025-09-15 13:52:56.400,T00001392,1392,449.78000000000003,15,S,,,
SPY.P.ARCA,ARCA,2025-09-15 13:52:56.700,T00001393,1393,448.81,44,S,,,
SPY.P.ARCA,ARCA,2025-09-15 13:52:57.100,T00001394,1394,452.72,32,B,,,
SPY.P.ARCA,ARCA,2025-09-15 13:52:57.500,T00001395,1395,453.24,91,B,,,
SPY.P.ARCA,ARCA,2025-09-15 13:52:58.500,T00001396,1396,452.99,93,S,,,
SPY.P.ARCA,ARCA,2025-09-15 13:52:58.900,T00001397,1397,456.73,11,B,,,
SPY.P.ARCA,ARCA,2025-09-15 13:53:02.600,T00001398,1398,456.01,19,S,,,
SPY.P.ARCA,ARCA,2025-09-15 13:53:03.200,T00001399,1399,449.76,57,B,,,
SPY.P.ARCA,ARCA,2025-09-15 13:53:03.400,T00001400,1400,452.23,23,B,,,
SPY.P.ARCA,ARCA,2025-09-15 13:53:04.300,T00001401,1401,459.04,39,B,,,
SPY.P.ARCA,ARCA,2025-09-15 13:53:05.100,T00001402,1402,462.09000000000003,29,B,,,
SPY.P.ARCA,ARCA,2025-09-15 13:53:06.700,T00001403,1403,464.88,24,B,,,
SPY.P.ARCA,ARCA,2025-09-15 13:53:07.300,T00001404,1404,464.58,48,B,,,
SPY.P.ARCA,ARCA,2025-09-15 13:53:07.400,T00001405,1405,465.29,51,B,,,
SPY.P.ARCA,ARCA,2025-09-15 13:53:08.200,T00001406,1406,463.13,12,S,,,
