instrument_id,venue,ts_event,trade_id,event_seq,price,quantity,aggressor_side,trade_condition,buyer_id,seller_id
AAPL.P.XNAS,XNAS,2025-09-15 13:30:00.000,T00000000,0,180.54,11,B,,,
AAPL.P.XNAS,XNAS,2025-09-15 13:30:01.100,T00000001,1,183.68,13,B,,,
AAPL.P.XNAS,XNAS,2025-09-15 13:30:01.300,T00000002,2,183.39000000000001,18,B,,,
AAPL.P.XNAS,XNAS,2025-09-15 13:30:01.800,T00000003,3,179.18,20,B,,,
AAPL.P.XNAS,XNAS,2025-09-15 13:30:01.900,T00000004,4,178.33,42,S,,,
AAPL.P.XNAS,XNAS,2025-09-15 13:30:02.100,T00000005,5,178.44,22,S,,,
AAPL.P.XNAS,XNAS,2025-09-15 13:30:02.700,T00000006,6,175.99,59,S,,,
AAPL.P.XNAS,XNAS,2025-09-15 13:30:03.300,T00000007,7,177.09,20,B,,,
AAPL.P.XNAS,XNAS,2025-09-15 13:30:07.200,T00000008,8,177.9,13,B,,,
AAPL.P.XNAS,XNAS,2025-09-15 13:30:08.400,T00000009,9,177.26,10,S,,,
AAPL.P.XNAS,XNAS,2025-09-15 13:30:08.900,T00000010,10,177.1,35,B,,,
AAPL.P.XNAS,XNAS,2025-09-15 13:30:09.400,T00000011,11,177.77,43,B,,,
AAPL.P.XNAS,XNAS,2025-09-15 13:30:10.400,T00000012,12,174.45000000000002,31,S,,,
AAPL.P.XNAS,XNAS,2025-09-15 13:30:12.000,T00000013,13,178.81,24,B,,,
AAPL.P.XNAS,XNAS,2025-09-15 13:30:12.600,T00000014,14,181.21,18,B,,,
AAPL.P.XNAS,XNAS,2025-09-15 13:30:13.300,T00000015,15,177.33,17,S,,,
AAPL.P.XNAS,XNAS,2025-09-15 13:30:13.800,T00000016,16,177.56,51,S,,,
AAPL.P.XNAS,XNAS,2025-09-15 13:30:15.100,T00000017,17,177.55,31,B,,,
AAPL.P.XNAS,XNAS,2025-09-15 13:30:17.100,T00000018,18,181.05,77,B,,,
AAPL.P.XNAS,XNAS,2025-09-15 13:30:17.300,T00000019,19,180.19,13,S,,,
AAPL.P.XNAS,XNAS,2025-09-15 13:30:17.400,T00000020,20,180.49,36,S,,,
AAPL.P.XNAS,XNAS,2025-09-15 13:30:18.200,T00000021,21,184.44,15,B,,,
AAPL.P.XNAS,XNAS,2025-09-15 13:30:19.000,T00000022,22,182.16,17,S,,,
AAPL.P.XNAS,XNAS,2025-09-15 13:30:20.100,T00000023,23,180.76,9,B,,,
AAPL.P.XNAS,XNAS,2025-09-15 13:30:20.400,T00000024,24,183.05,18,B,,,
AAPL.P.XNAS,XNAS,2025-09-15 13:30:20.900,T00000025,25,182.27,36,B,,,
AAPL.P.XNAS,XNAS,2025-09-15 13:30:21.100,T00000026,26,185.89000000000001,12,S,,,
AAPL.P.XNAS,XNAS,2025-09-15 13:30:21.700,T00000027,27,187.33,18,S,,,
AAPL.P.XNAS,XNAS,2025-09-15 13:30:23.000,T00000028,28,184.85,20,S,,,
AAPL.P.XNAS,XNAS,2025-09-15 13:30:23.600,T00000029,29,186.01,39,B,,,
AAPL.P.XNAS,XNAS,2025-09-15 13:30:24.600,T00000030,30,183.04000000000002,32,S,,,
AAPL.P.XNAS,XNAS,2025-09-15 13:30:25.800,T00000031,31,184.6,17,B,,,
AAPL.P.XNAS,XNAS,2025-09-15 13:30:29.100,T00000032,32,180.41,62,S,,,
AAPL.P.XNAS,XNAS,2025-09-15 13:30:29.300,T00000033,33,179.49,26,S,,,
AAPL.P.XNAS,XNAS,2025-09-15 13:30:30.500,T00000034,34,182.12,25,B,,,
AAPL.P.XNAS,XNAS,2025-09-15 13:30:31.600,T00000035,35,185.85,13,S,,,
AAPL.P.XNAS,XNAS,2025-09-15 13:30:32.400,T00000036,36,187.45000000000002,8,B,,,
AAPL.P.XNAS,XNAS,2025-09-15 13:30:33.200,T00000037,37,186.73,32,B,,,
AAPL.P.XNAS,XNAS,2025-09-15 13:30:35.100,T00000038,38,180.71,12,S,,,
AAPL.P.XNAS,XNAS,2025-09-15 13:30:35.400,T00000039,39,182.49,11,S,,,
AAPL.P.XNAS,XNAS,2025-09-15 13:30:36.400,T00000040,40,182.83,51,B,,,
AAPL.P.XNAS,XNAS,2025-09-15 13:30:38.200,T00000041,41,186.06,24,S,,,
AAPL.P.XNAS,XNAS,2025-09-15 13:30:39.400,T00000042,42,185.0,10,B,,,
AAPL.P.XNAS,XNAS,2025-09-15 13:30:40.000,T00000043,43,185.86,28,B,,,
AAPL.P.XNAS,XNAS,2025-09-15 13:30:40.400,T00000044,44,183.77,31,B,,,
AAPL.P.XNAS,XNAS,2025-09-15 13:30:43.000,T00000045,45,187.97,26,S,,,
AAPL.P.XNAS,XNAS,2025-09-15 13:30:44.000,T00000046,46,184.8,38,S,,,
AAPL.P.XNAS,XNAS,2025-09-15 13:30:44.300,T00000047,47,183.12,25,S,,,
AAPL.P.XNAS,XNAS,2025-09-15 13:30:45.100,T00000048,48,180.51,15,B,,,
AAPL.P.XNAS,XNAS,2025-09-15 13:30:45.300,T00000049,49,180.49,51,B,,,
AAPL.P.XNAS,XNAS,2025-09-15 13:30:46.400,T00000050,50,178.8,16,B,,,
AAPL.P.XNAS,XNAS,2025-09-15 13:30:46.500,T00000051,51,178.64000000000001,37,S,,,
AAPL.P.XNAS,XNAS,2025-09-15 13:30:46.900,T00000052,52,179.24,11,S,,,
AAPL.P.XNAS,XNAS,2025-09-15 13:30:47.500,T00000053,53,178.21,33,B,,,
AAPL.P.XNAS,XNAS,2025-09-15 13:30:51.800,T00000054,54,176.99,32,B,,,
AAPL.P.XNAS,XNAS,2025-09-15 13:30:52.900,T00000055,55,174.06,11,B,,,
AAPL.P.XNAS,XNAS,2025-09-15 13:30:53.500,T00000056,56,171.42000000000002,35,B,,,
AAPL.P.XNAS,XNAS,2025-09-15 13:30:53.900,T00000057,57,171.83,11,B,,,
AAPL.P.XNAS,XNAS,2025-09-15 13:30:54.000,T00000058,58,171.38,13,S,,,
AAPL.P.XNAS,XNAS,2025-09-15 13:30:54.500,T00000059,59,171.31,64,S,,,
AAPL.P.XNAS,XNAS,2025-09-15 13:30:54.800,T00000060,60,171.46,28,B,,,
AAPL.P.XNAS,XNAS,2025-09-15 13:30:54.900,T00000061,61,171.84,15,S,,,
AAPL.P.XNAS,XNAS,2025-09-15 13:30:55.000,T00000062,62,171.53,30,B,,,
AAPL.P.XNAS,XNAS,2025-09-15 13:30:55.500,T00000063,63,173.52,11,S,,,
AAPL.P.XNAS,XNAS,2025-09-15 13:30:56.000,T00000064,64,172.9,35,S,,,
AAPL.P.XNAS,XNAS,2025-09-15 13:31:00.400,T00000065,65,178.89000000000001,37,B,,,
AAPL.P.XNAS,XNAS,2025-09-15 13:31:00.900,T00000066,66,177.53,11,S,,,
AAPL.P.XNAS,XNAS,2025-09-15 13:31:01.300,T00000067,67,179.76,15,B,,,
AAPL.P.XNAS,XNAS,2025-09-15 13:31:01.800,T00000068,68,181.75,10,B,,,
AAPL.P.XNAS,XNAS,2025-09-15 13:31:03.000,T00000069,69,185.26,39,B,,,
AAPL.P.XNAS,XNAS,2025-09-15 13:31:03.300,T00000070,70,184.71,26,S,,,
AAPL.P.XNAS,XNAS,2025-09-15 13:31:03.500,T00000071,71,183.35,12,S,,,
AAPL.P.XNAS,XNAS,2025-09-15 13:31:05.000,T00000072,72,177.73,116,S,,,
AAPL.P.XNAS,XNAS,2025-09-15 13:31:05.300,T00000073,73,180.12,27,S,,,
AAPL.P.XNAS,XNAS,2025-09-15 13:31:05.900,T00000074,74,181.56,19,S,,,
AAPL.P.XNAS,XNAS,2025-09-15 13:31:06.700,T00000075,75,179.24,45,S,,,
AAPL.P.XNAS,XNAS,2025-09-15 13:31:09.300,T00000076,76,178.67000000000002,27,S,,,
AAPL.P.XNAS,XNAS,2025-09-15 13:31:09.600,T00000077,77,179.51,13,S,,,
AAPL.P.XNAS,XNAS,2025-09-15 13:31:09.900,T00000078,78,179.64000000000001,42,B,,,
AAPL.P.XNAS,XNAS,2025-09-15 13:31:15.100,T00000079,79,174.32,14,B,,,
AAPL.P.XNAS,XNAS,2025-09-15 13:31:17.100,T00000080,80,181.58,26,B,,,
AAPL.P.XNAS,XNAS,2025-09-15 13:31:18.400,T00000081,81,181.0,38,B,,,
AAPL.P.XNAS,XNAS,2025-09-15 13:31:18.700,T00000082,82,182.96,20,S,,,
AAPL.P.XNAS,XNAS,2025-09-15 13:31:22.700,T00000083,83,187.71,27,B,,,
AAPL.P.XNAS,XNAS,2025-09-15 13:31:24.800,T00000084,84,186.16,69,B,,,
AAPL.P.XNAS,XNAS,2025-09-15 13:31:26.200,T00000085,85,183.13,23,B,,,
AAPL.P.XNAS,XNAS,2025-09-15 13:31:27.500,T00000086,86,184.24,26,S,,,
AAPL.P.XNAS,XNAS,2025-09-15 13:31:27.600,T00000087,87,185.82,32,B,,,
AAPL.P.XNAS,XNAS,2025-09-15 13:31:28.200,T00000088,88,187.77,11,B,,,
AAPL.P.XNAS,XNAS,2025-09-15 13:31:29.200,T00000089,89,191.87,75,B,,,
AAPL.P.XNAS,XNAS,2025-09-15 13:31:30.100,T00000090,90,194.33,38,B,,,
AAPL.P.XNAS,XNAS,2025-09-15 13:31:34.500,T00000091,91,190.48,41,B,,,
AAPL.P.XNAS,XNAS,2025-09-15 13:31:35.400,T00000092,92,187.12,14,B,,,
AAPL.P.XNAS,XNAS,2025-09-15 13:31:36.100,T00000093,93,189.32,33,B,,,
AAPL.P.XNAS,XNAS,2025-09-15 13:31:38.200,T00000094,94,184.96,70,B,,,
AAPL.P.XNAS,XNAS,2025-09-15 13:31:38.700,T00000095,95,184.12,16,B,,,
AAPL.P.XNAS,XNAS,2025-09-15 13:31:39.600,T00000096,96,180.78,13,S,,,
AAPL.P.XNAS,XNAS,2025-09-15 13:31:40.600,T00000097,97,184.94,14,B,,,
AAPL.P.XNAS,XNAS,2025-09-15 13:31:41.300,T00000098,98,189.18,26,B,,,
AAPL.P.XNAS,XNAS,2025-09-15 13:31:41.800,T00000099,99,188.59,37,B,,,
AAPL.P.XNAS,XNAS,2025-09-15 13:31:42.300,T00000100,100,188.02,10,B,,,
AAPL.P.XNAS,XNAS,2025-09-15 13:31:43.100,T00000101,101,189.98,10,S,,,
AAPL.P.XNAS,XNAS,2025-09-15 13:31:43.600,T00000102,102,189.86,15,B,,,
AAPL.P.XNAS,XNAS,2025-09-15 13:31:48.300,T00000103,103,183.64000000000001,38,S,,,
AAPL.P.XNAS,XNAS,2025-09-15 13:31:48.500,T00000104,104,185.71,40,B,,,
AAPL.P.XNAS,XNAS,2025-09-15 13:31:49.400,T00000105,105,186.49,30,S,,,
AAPL.P.XNAS,XNAS,2025-09-15 13:31:49.500,T00000106,106,187.11,87,B,,,
AAPL.P.XNAS,XNAS,2025-09-15 13:31:51.200,T00000107,107,185.95000000000002,15,B,,,
AAPL.P.XNAS,XNAS,2025-09-15 13:31:53.700,T00000108,108,192.98000000000002,43,B,,,
AAPL.P.XNAS,XNAS,2025-09-15 13:31:56.600,T00000109,109,188.41,2,B,,,
AAPL.P.XNAS,XNAS,2025-09-15 13:31:57.100,T00000110,110,191.24,13,B,,,
AAPL.P.XNAS,XNAS,2025-09-15 13:32:03.200,T00000111,111,183.26,11,B,,,
AAPL.P.XNAS,XNAS,2025-09-15 13:32:03.400,T00000112,112,185.3,94,B,,,
AAPL.P.XNAS,XNAS,2025-09-15 13:32:04.800,T00000113,113,183.45000000000002,35,S,,,
AAPL.P.XNAS,XNAS,2025-09-15 13:32:07.000,T00000114,114,181.15,34,S,,,
AAPL.P.XNAS,XNAS,2025-09-15 13:32:07.400,T00000115,115,181.3,21,S,,,
AAPL.P.XNAS,XNAS,2025-09-15 13:32:07.900,T00000116,116,184.85,12,B,,,
AAPL.P.XNAS,XNAS,2025-09-15 13:32:08.600,T00000117,117,183.64000000000001,11,S,,,
AAPL.P.XNAS,XNAS,2025-09-15 13:32:09.100,T00000118,118,180.04,16,B,,,
AAPL.P.XNAS,XNAS,2025-09-15 13:32:09.200,T00000119,119,182.06,18,S,,,
AAPL.P.XNAS,XNAS,2025-09-15 13:32:09.400,T00000120,120,182.76,14,S,,,
AAPL.P.XNAS,XNAS,2025-09-15 13:32:09.500,T00000121,121,182.87,4,B,,,
AAPL.P.XNAS,XNAS,2025-09-15 13:32:11.600,T00000122,122,184.62,36,B,,,
AAPL.P.XNAS,XNAS,2025-09-15 13:32:12.000,T00000123,123,182.58,13,B,,,
AAPL.P.XNAS,XNAS,2025-09-15 13:32:14.500,T00000124,124,184.38,13,B,,,
AAPL.P.XNAS,XNAS,2025-09-15 13:32:15.300,T00000125,125,178.22,28,B,,,
AAPL.P.XNAS,XNAS,2025-09-15 13:32:15.600,T00000126,126,176.13,35,S,,,
AAPL.P.XNAS,XNAS,2025-09-15 13:32:16.400,T00000127,127,175.35,14,B,,,
AAPL.P.XNAS,XNAS,2025-09-15 13:32:16.800,T00000128,128,175.57,16,S,,,
AAPL.P.XNAS,XNAS,2025-09-15 13:32:16.900,T00000129,129,175.28,14,S,,,
AAPL.P.XNAS,XNAS,2025-09-15 13:32:18.100,T00000130,130,177.25,27,S,,,
AAPL.P.XNAS,XNAS,2025-09-15 13:32:19.500,T00000131,131,182.32,14,S,,,
AAPL.P.XNAS,XNAS,2025-09-15 13:32:19.700,T00000132,132,181.25,30,S,,,
AAPL.P.XNAS,XNAS,2025-09-15 13:32:20.200,T00000133,133,180.52,23,B,,,
AAPL.P.XNAS,XNAS,2025-09-15 13:32:22.200,T00000134,134,188.46,15,B,,,
AAPL.P.XNAS,XNAS,2025-09-15 13:32:22.900,T00000135,135,184.85999999999999,22,B,,,
AAPL.P.XNAS,XNAS,2025-09-15 13:32:23.000,T00000136,136,184.54,15,B,,,
AAPL.P.XNAS,XNAS,2025-09-15 13:32:23.500,T00000137,137,185.25,10,B,,,
AAPL.P.XNAS,XNAS,2025-09-15 13:32:23.900,T00000138,138,186.68,10,S,,,
AAPL.P.XNAS,XNAS,2025-09-15 13:32:25.600,T00000139,139,189.97,12,S,,,
AAPL.P.XNAS,XNAS,2025-09-15 13:32:25.900,T00000140,140,191.63,14,S,,,
AAPL.P.XNAS,XNAS,2025-09-15 13:32:26.200,T00000141,141,190.53,18,S,,,
AAPL.P.XNAS,XNAS,2025-09-15 13:32:26.800,T00000142,142,190.66,17,B,,,
AAPL.P.XNAS,XNAS,2025-09-15 13:32:27.700,T00000143,143,188.87,11,S,,,
AAPL.P.XNAS,XNAS,2025-09-15 13:32:28.100,T00000144,144,188.32,58,B,,,
AAPL.P.XNAS,XNAS,2025-09-15 13:32:28.400,T00000145,145,188.70000000000002,7,S,,,
AAPL.P.XNAS,XNAS,2025-09-15 13:32:28.500,T00000146,146,188.84,15,B,,,
AAPL.P.XNAS,XNAS,2025-09-15 13:32:31.200,T00000147,147,191.83,38,S,,,
AAPL.P.XNAS,XNAS,2025-09-15 13:32:31.300,T00000148,148,191.14000000000001,10,B,,,
AAPL.P.XNAS,XNAS,2025-09-15 13:32:32.000,T00000149,149,190.95000000000002,13,B,,,
AAPL.P.XNAS,XNAS,2025-09-15 13:32:35.700,T00000150,150,185.55,13,B,,,
AAPL.P.XNAS,XNAS,2025-09-15 13:32:35.800,T00000151,151,184.79,10,B,,,
AAPL.P.XNAS,XNAS,2025-09-15 13:32:36.700,T00000152,152,183.67000000000002,34,S,,,
AAPL.P.XNAS,XNAS,2025-09-15 13:32:37.300,T00000153,153,182.04,70,B,,,
AAPL.P.XNAS,XNAS,2025-09-15 13:32:37.400,T00000154,154,180.88,41,B,,,
AAPL.P.XNAS,XNAS,2025-09-15 13:32:38.100,T00000155,155,179.69,15,B,,,
AAPL.P.XNAS,XNAS,2025-09-15 13:32:38.200,T00000156,156,180.70000000000002,63,B,,,
AAPL.P.XNAS,XNAS,2025-09-15 13:32:38.300,T00000157,157,179.82999999999998,52,B,,,
AAPL.P.XNAS,XNAS,2025-09-15 13:32:39.600,T00000158,158,175.04,27,S,,,
AAPL.P.XNAS,XNAS,2025-09-15 13:32:40.200,T00000159,159,178.21,10,B,,,
AAPL.P.XNAS,XNAS,2025-09-15 13:32:40.300,T00000160,160,177.68,23,B,,,
AAPL.P.XNAS,XNAS,2025-09-15 13:32:41.800,T00000161,161,179.24,11,S,,,
AAPL.P.XNAS,XNAS,2025-09-15 13:32:42.700,T00000162,162,181.26,59,B,,,
AAPL.P.XNAS,XNAS,2025-09-15 13:32:42.800,T00000163,163,182.36,50,B,,,
AAPL.P.XNAS,XNAS,2025-09-15 13:32:43.200,T00000164,164,182.58,17,S,,,
AAPL.P.XNAS,XNAS,2025-09-15 13:32:44.900,T00000165,165,184.8,15,S,,,
AAPL.P.XNAS,XNAS,2025-09-15 13:32:45.700,T00000166,166,187.13,42,B,,,
AAPL.P.XNAS,XNAS,2025-09-15 13:32:46.000,T00000167,167,188.09,19,B,,,
AAPL.P.XNAS,XNAS,2025-09-15 13:32:46.200,T00000168,168,188.78,29,S,,,
AAPL.P.XNAS,XNAS,2025-09-15 13:32:46.400,T00000169,169,186.20000000000002,46,S,,,
AAPL.P.XNAS,XNAS,2025-09-15 13:32:46.600,T00000170,170,187.13,12,S,,,
AAPL.P.XNAS,XNAS,2025-09-15 13:32:48.800,T00000171,171,186.92000000000002,13,B,,,
AAPL.P.XNAS,XNAS,2025-09-15 13:32:48.900,T00000172,172,187.07,21,B,,,
AAPL.P.XNAS,XNAS,2025-09-15 13:32:50.700,T00000173,173,188.56,15,S,,,
AAPL.P.XNAS,XNAS,2025-09-15 13:32:51.200,T00000174,174,189.51,23,B,,,
AAPL.P.XNAS,XNAS,2025-09-15 13:32:51.800,T00000175,175,187.62,28,B,,,
AAPL.P.XNAS,XNAS,2025-09-15 13:32:53.600,T00000176,176,187.86,18,B,,,
AAPL.P.XNAS,XNAS,2025-09-15 13:32:54.300,T00000177,177,187.38,12,S,,,
AAPL.P.XNAS,XNAS,2025-09-15 13:32:54.600,T00000178,178,187.53,12,B,,,
AAPL.P.XNAS,XNAS,2025-09-15 13:32:57.400,T00000179,179,190.49,36,S,,,
AAPL.P.XNAS,XNAS,2025-09-15 13:32:59.200,T00000180,180,181.9,51,B,,,
AAPL.P.XNAS,XNAS,2025-09-15 13:33:00.500,T00000181,181,179.59,62,S,,,
AAPL.P.XNAS,XNAS,2025-09-15 13:33:00.800,T00000182,182,179.09,24,B,,,
AAPL.P.XNAS,XNAS,2025-09-15 13:33:00.900,T00000183,183,177.77,12,B,,,
AAPL.P.XNAS,XNAS,2025-09-15 13:33:03.200,T00000184,184,177.63,19,S,,,
AAPL.P.XNAS,XNAS,2025-09-15 13:33:03.300,T00000185,185,178.59,44,B,,,
AAPL.P.XNAS,XNAS,2025-09-15 13:33:03.800,T00000186,186,177.8,29,S,,,
AAPL.P.XNAS,XNAS,2025-09-15 13:33:04.300,T00000187,187,175.63,77,S,,,
AAPL.P.XNAS,XNAS,2025-09-15 13:33:05.100,T00000188,188,176.56,12,B,,,
AAPL.P.XNAS,XNAS,2025-09-15 13:33:06.000,T00000189,189,179.79,18,S,,,
AAPL.P.XNAS,XNAS,2025-09-15 13:33:07.400,T00000190,190,179.28,91,B,,,
AAPL.P.XNAS,XNAS,2025-09-15 13:33:09.100,T00000191,191,179.48,22,S,,,
AAPL.P.XNAS,XNAS,2025-09-15 13:33:09.400,T00000192,192,179.14000000000001,14,B,,,
AAPL.P.XNAS,XNAS,2025-09-15 13:33:10.700,T00000193,193,180.64000000000001,19,S,,,
AAPL.P.XNAS,XNAS,2025-09-15 13:33:12.000,T00000194,194,179.44,4,B,,,
AAPL.P.XNAS,XNAS,2025-09-15 13:33:12.200,T00000195,195,178.35,12,S,,,
AAPL.P.XNAS,XNAS,2025-09-15 13:33:12.500,T00000196,196,179.53,32,S,,,
AAPL.P.XNAS,XNAS,2025-09-15 13:33:14.400,T00000197,197,180.75,77,B,,,
AAPL.P.XNAS,XNAS,2025-09-15 13:33:17.000,T00000198,198,184.71,27,B,,,
AAPL.P.XNAS,XNAS,2025-09-15 13:33:17.100,T00000199,199,185.06,36,S,,,
AAPL.P.XNAS,XNAS,2025-09-15 13:33:17.900,T00000200,200,183.65,24,S,,,
AAPL.P.XNAS,XNAS,2025-09-15 13:33:19.700,T00000201,201,187.51,27,S,,,
AAPL.P.XNAS,XNAS,2025-09-15 13:33:20.200,T00000202,202,184.91,80,B,,,
AAPL.P.XNAS,XNAS,2025-09-15 13:33:21.900,T00000203,203,178.62,18,B,,,
AAPL.P.XNAS,XNAS,2025-09-15 13:33:22.700,T00000204,204,177.24,25,S,,,
AAPL.P.XNAS,XNAS,2025-09-15 13:33:24.100,T00000205,205,179.98,24,S,,,
AAPL.P.XNAS,XNAS,2025-09-15 13:33:25.400,T00000206,206,178.74,30,S,,,
AAPL.P.XNAS,XNAS,2025-09-15 13:33:25.900,T00000207,207,177.75,35,B,,,
AAPL.P.XNAS,XNAS,2025-09-15 13:33:26.300,T00000208,208,178.99,11,B,,,
AAPL.P.XNAS,XNAS,2025-09-15 13:33:27.100,T00000209,209,179.43,84,S,,,
AAPL.P.XNAS,XNAS,2025-09-15 13:33:28.300,T00000210,210,180.24,12,S,,,
AAPL.P.XNAS,XNAS,2025-09-15 13:33:31.400,T00000211,211,177.12,3,B,,,
AAPL.P.XNAS,XNAS,2025-09-15 13:33:32.500,T00000212,212,177.06,130,B,,,
AAPL.P.XNAS,XNAS,2025-09-15 13:33:32.800,T00000213,213,177.63,31,B,,,
AAPL.P.XNAS,XNAS,2025-09-15 13:33:33.200,T00000214,214,179.36,12,B,,,
AAPL.P.XNAS,XNAS,2025-09-15 13:33:33.700,T00000215,215,179.79999999999998,10,B,,,
AAPL.P.XNAS,XNAS,2025-09-15 13:33:34.200,T00000216,216,178.96,15,S,,,
AAPL.P.XNAS,XNAS,2025-09-15 13:33:34.300,T00000217,217,179.14000000000001,24,S,,,
AAPL.P.XNAS,XNAS,2025-09-15 13:33:34.400,T00000218,218,179.44,26,B,,,
AAPL.P.XNAS,XNAS,2025-09-15 13:33:37.200,T00000219,219,179.0,62,S,,,
AAPL.P.XNAS,XNAS,2025-09-15 13:33:38.800,T00000220,220,179.17000000000002,12,S,,,
AAPL.P.XNAS,XNAS,2025-09-15 13:33:38.900,T00000221,221,178.81,14,S,,,
AAPL.P.XNAS,XNAS,2025-09-15 13:33:39.400,T00000222,222,179.0,27,S,,,
AAPL.P.XNAS,XNAS,2025-09-15 13:33:39.500,T00000223,223,179.28,25,B,,,
AAPL.P.XNAS,XNAS,2025-09-15 13:33:40.400,T00000224,224,180.0,21,B,,,
AAPL.P.XNAS,XNAS,2025-09-15 13:33:43.500,T00000225,225,179.69,10,S,,,
AAPL.P.XNAS,XNAS,2025-09-15 13:33:44.300,T00000226,226,182.23,18,B,,,
AAPL.P.XNAS,XNAS,2025-09-15 13:33:45.200,T00000227,227,182.03,19,S,,,
AAPL.P.XNAS,XNAS,2025-09-15 13:33:46.400,T00000228,228,179.33,13,S,,,
AAPL.P.XNAS,XNAS,2025-09-15 13:33:47.300,T00000229,229,178.68,16,B,,,
AAPL.P.XNAS,XNAS,2025-09-15 13:33:47.400,T00000230,230,178.74,33,B,,,
AAPL.P.XNAS,XNAS,2025-09-15 13:33:47.500,T00000231,231,177.85,36,B,,,
AAPL.P.XNAS,XNAS,2025-09-15 13:33:50.000,T00000232,232,179.94,13,S,,,
AAPL.P.XNAS,XNAS,2025-09-15 13:33:50.300,T00000233,233,179.68,69,S,,,
AAPL.P.XNAS,XNAS,2025-09-15 13:33:54.200,T00000234,234,187.56,23,S,,,
AAPL.P.XNAS,XNAS,2025-09-15 13:33:55.600,T00000235,235,186.72,29,B,,,
AAPL.P.XNAS,XNAS,2025-09-15 13:33:55.900,T00000236,236,184.62,27,S,,,
AAPL.P.XNAS,XNAS,2025-09-15 13:33:57.400,T00000237,237,181.15,20,S,,,
AAPL.P.XNAS,XNAS,2025-09-15 13:33:59.600,T00000238,238,175.07,91,S,,,
AAPL.P.XNAS,XNAS,2025-09-15 13:34:01.300,T00000239,239,176.94,23,B,,,
AAPL.P.XNAS,XNAS,2025-09-15 13:34:02.500,T00000240,240,177.94,13,S,,,
AAPL.P.XNAS,XNAS,2025-09-15 13:34:02.600,T00000241,241,178.5,13,B,,,
AAPL.P.XNAS,XNAS,2025-09-15 13:34:02.900,T00000242,242,179.99,4,B,,,
AAPL.P.XNAS,XNAS,2025-09-15 13:34:03.100,T00000243,243,180.19,36,B,,,
AAPL.P.XNAS,XNAS,2025-09-15 13:34:05.300,T00000244,244,177.36,56,S,,,
AAPL.P.XNAS,XNAS,2025-09-15 13:34:05.700,T00000245,245,178.37,45,B,,,
AAPL.P.XNAS,XNAS,2025-09-15 13:34:05.800,T00000246,246,178.59,15,B,,,
AAPL.P.XNAS,XNAS,2025-09-15 13:34:06.900,T00000247,247,181.04,14,B,,,
AAPL.P.XNAS,XNAS,2025-09-15 13:34:07.300,T00000248,248,182.96,22,S,,,
AAPL.P.XNAS,XNAS,2025-09-15 13:34:07.600,T00000249,249,182.68,47,B,,,
AAPL.P.XNAS,XNAS,2025-09-15 13:34:07.900,T00000250,250,182.36,17,S,,,
AAPL.P.XNAS,XNAS,2025-09-15 13:34:08.600,T00000251,251,184.89000000000001,48,S,,,
AAPL.P.XNAS,XNAS,2025-09-15 13:34:09.300,T00000252,252,181.55,55,S,,,
AAPL.P.XNAS,XNAS,2025-09-15 13:34:09.700,T00000253,253,182.15,45,B,,,
AAPL.P.XNAS,XNAS,2025-09-15 13:34:10.700,T00000254,254,183.87,41,S,,,
AAPL.P.XNAS,XNAS,2025-09-15 13:34:10.900,T00000255,255,183.65,11,S,,,
AAPL.P.XNAS,XNAS,2025-09-15 13:34:11.500,T00000256,256,183.3,33,S,,,
AAPL.P.XNAS,XNAS,2025-09-15 13:34:12.200,T00000257,257,183.33,98,S,,,
AAPL.P.XNAS,XNAS,2025-09-15 13:34:13.100,T00000258,258,186.21,19,B,,,
AAPL.P.XNAS,XNAS,2025-09-15 13:34:13.500,T00000259,259,184.37,30,S,,,
AAPL.P.XNAS,XNAS,2025-09-15 13:34:13.700,T00000260,260,184.94,17,B,,,
AAPL.P.XNAS,XNAS,2025-09-15 13:34:14.200,T00000261,261,182.70000000000002,33,B,,,
AAPL.P.XNAS,XNAS,2025-09-15 13:34:15.100,T00000262,262,183.83,36,S,,,
AAPL.P.XNAS,XNAS,2025-09-15 13:34:15.800,T00000263,263,181.36,21,S,,,
AAPL.P.XNAS,XNAS,2025-09-15 13:34:16.100,T00000264,264,181.49,22,S,,,
AAPL.P.XNAS,XNAS,2025-09-15 13:34:16.500,T00000265,265,180.19,31,S,,,
AAPL.P.XNAS,XNAS,2025-09-15 13:34:18.300,T00000266,266,184.23,28,S,,,
AAPL.P.XNAS,XNAS,2025-09-15 13:34:18.700,T00000267,267,184.25,12,S,,,
AAPL.P.XNAS,XNAS,2025-09-15 13:34:19.000,T00000268,268,183.28,16,B,,,
AAPL.P.XNAS,XNAS,2025-09-15 13:34:19.900,T00000269,269,183.1,13,B,,,
AAPL.P.XNAS,XNAS,2025-09-15 13:34:21.400,T00000270,270,178.37,19,B,,,
AAPL.P.XNAS,XNAS,2025-09-15 13:34:23.100,T00000271,271,183.65,13,S,,,
AAPL.P.XNAS,XNAS,2025-09-15 13:34:23.700,T00000272,272,186.62,9,S,,,
AAPL.P.XNAS,XNAS,2025-09-15 13:34:23.800,T00000273,273,187.43,4,B,,,
AAPL.P.XNAS,XNAS,2025-09-15 13:34:25.600,T00000274,274,185.35,70,B,,,
AAPL.P.XNAS,XNAS,2025-09-15 13:34:26.200,T00000275,275,183.54000000000002,21,S,,,
AAPL.P.XNAS,XNAS,2025-09-15 13:34:26.600,T00000276,276,182.39000000000001,36,B,,,
AAPL.P.XNAS,XNAS,2025-09-15 13:34:27.200,T00000277,277,182.69,19,S,,,
AAPL.P.XNAS,XNAS,2025-09-15 13:34:27.700,T00000278,278,180.20000000000002,24,B,,,
AAPL.P.XNAS,XNAS,2025-09-15 13:34:29.200,T00000279,279,179.33,6,B,,,
AAPL.P.XNAS,XNAS,2025-09-15 13:34:29.300,T00000280,280,179.3,33,B,,,
AAPL.P.XNAS,XNAS,2025-09-15 13:34:31.300,T00000281,281,188.31,22,S,,,
AAPL.P.XNAS,XNAS,2025-09-15 13:34:32.200,T00000282,282,187.02,44,B,,,
AAPL.P.XNAS,XNAS,2025-09-15 13:34:34.700,T00000283,283,190.81,6,B,,,
AAPL.P.XNAS,XNAS,2025-09-15 13:34:35.300,T00000284,284,191.47,107,S,,,
AAPL.P.XNAS,XNAS,2025-09-15 13:34:35.600,T00000285,285,190.39000000000001,12,S,,,
AAPL.P.XNAS,XNAS,2025-09-15 13:34:36.200,T00000286,286,188.49,12,S,,,
AAPL.P.XNAS,XNAS,2025-09-15 13:34:38.000,T00000287,287,184.63,57,B,,,
AAPL.P.XNAS,XNAS,2025-09-15 13:34:38.700,T00000288,288,181.1,29,S,,,
AAPL.P.XNAS,XNAS,2025-09-15 13:34:39.700,T00000289,289,178.63,24,B,,,
AAPL.P.XNAS,XNAS,2025-09-15 13:34:41.400,T00000290,290,178.02,15,S,,,
AAPL.P.XNAS,XNAS,2025-09-15 13:34:42.300,T00000291,291,180.21,20,S,,,
AAPL.P.XNAS,XNAS,2025-09-15 13:34:44.200,T00000292,292,183.86,56,B,,,
AAPL.P.XNAS,XNAS,2025-09-15 13:34:45.000,T00000293,293,180.73,12,S,,,
AAPL.P.XNAS,XNAS,2025-09-15 13:34:45.300,T00000294,294,180.01,26,S,,,
AAPL.P.XNAS,XNAS,2025-09-15 13:34:45.600,T00000295,295,180.81,25,S,,,
AAPL.P.XNAS,XNAS,2025-09-15 13:34:46.400,T00000296,296,180.84,17,B,,,
AAPL.P.XNAS,XNAS,2025-09-15 13:34:46.600,T00000297,297,180.83,31,S,,,
AAPL.P.XNAS,XNAS,2025-09-15 13:34:47.100,T00000298,298,180.34,13,S,,,
AAPL.P.XNAS,XNAS,2025-09-15 13:34:49.700,T00000299,299,174.06,47,B,,,
AAPL.P.XNAS,XNAS,2025-09-15 13:34:50.300,T00000300,300,175.01,10,S,,,
AAPL.P.XNAS,XNAS,2025-09-15 13:34:50.800,T00000301,301,173.70000000000002,11,S,,,
AAPL.P.XNAS,XNAS,2025-09-15 13:34:52.500,T00000302,302,179.06,51,B,,,
AAPL.P.XNAS,XNAS,2025-09-15 13:34:54.500,T00000303,303,182.33,37,B,,,
AAPL.P.XNAS,XNAS,2025-09-15 13:34:55.100,T00000304,304,178.41,23,B,,,
AAPL.P.XNAS,XNAS,2025-09-15 13:34:57.500,T00000305,305,178.66,14,B,,,
AAPL.P.XNAS,XNAS,2025-09-15 13:35:00.100,T00000306,306,179.34,34,B,,,
AAPL.P.XNAS,XNAS,2025-09-15 13:35:00.900,T00000307,307,179.25,36,S,,,
AAPL.P.XNAS,XNAS,2025-09-15 13:35:01.100,T00000308,308,178.82,12,S,,,
AAPL.P.XNAS,XNAS,2025-09-15 13:35:03.300,T00000309,309,173.08,19,S,,,
AAPL.P.XNAS,XNAS,2025-09-15 13:35:03.800,T00000310,310,173.18,23,B,,,
AAPL.P.XNAS,XNAS,2025-09-15 13:35:06.900,T00000311,311,173.45000000000002,8,S,,,
AAPL.P.XNAS,XNAS,2025-09-15 13:35:07.300,T00000312,312,175.05,10,B,,,
AAPL.P.XNAS,XNAS,2025-09-15 13:35:08.300,T00000313,313,178.24,57,S,,,
AAPL.P.XNAS,XNAS,2025-09-15 13:35:08.500,T00000314,314,177.24,70,S,,,
AAPL.P.XNAS,XNAS,2025-09-15 13:35:08.700,T00000315,315,177.55,22,S,,,
AAPL.P.XNAS,XNAS,2025-09-15 13:35:10.100,T00000316,316,178.58,12,S,,,
AAPL.P.XNAS,XNAS,2025-09-15 13:35:11.000,T00000317,317,179.59,19,B,,,
AAPL.P.XNAS,XNAS,2025-09-15 13:35:12.000,T00000318,318,179.48,19,B,,,
AAPL.P.XNAS,XNAS,2025-09-15 13:35:12.400,T00000319,319,178.74,23,B,,,
AAPL.P.XNAS,XNAS,2025-09-15 13:35:12.800,T00000320,320,178.87,11,B,,,
AAPL.P.XNAS,XNAS,2025-09-15 13:35:14.100,T00000321,321,179.79,34,S,,,
AAPL.P.XNAS,XNAS,2025-09-15 13:35:16.300,T00000322,322,173.01,21,B,,,
AAPL.P.XNAS,XNAS,2025-09-15 13:35:17.300,T00000323,323,169.23,14,S,,,
AAPL.P.XNAS,XNAS,2025-09-15 13:35:17.400,T00000324,324,170.16,12,B,,,
AAPL.P.XNAS,XNAS,2025-09-15 13:35:17.900,T00000325,325,168.69,54,B,,,
AAPL.P.XNAS,XNAS,2025-09-15 13:35:18.000,T00000326,326,169.3,35,B,,,
AAPL.P.XNAS,XNAS,2025-09-15 13:35:18.300,T00000327,327,170.02,35,S,,,
AAPL.P.XNAS,XNAS,2025-09-15 13:35:18.800,T00000328,328,170.73,29,S,,,
AAPL.P.XNAS,XNAS,2025-09-15 13:35:20.800,T00000329,329,173.65,15,B,,,
AAPL.P.XNAS,XNAS,2025-09-15 13:35:21.200,T00000330,330,175.04,28,S,,,
AAPL.P.XNAS,XNAS,2025-09-15 13:35:22.600,T00000331,331,179.4,15,S,,,
AAPL.P.XNAS,XNAS,2025-09-15 13:35:22.700,T00000332,332,178.70000000000002,23,S,,,
AAPL.P.XNAS,XNAS,2025-09-15 13:35:23.300,T00000333,333,177.56,40,B,,,
AAPL.P.XNAS,XNAS,2025-09-15 13:35:24.200,T00000334,334,181.8,27,B,,,
AAPL.P.XNAS,XNAS,2025-09-15 13:35:25.000,T00000335,335,179.89000000000001,30,S,,,
AAPL.P.XNAS,XNAS,2025-09-15 13:35:27.200,T00000336,336,183.73,10,S,,,
AAPL.P.XNAS,XNAS,2025-09-15 13:35:28.300,T00000337,337,183.75,10,S,,,
AAPL.P.XNAS,XNAS,2025-09-15 13:35:29.300,T00000338,338,183.05,10,B,,,
AAPL.P.XNAS,XNAS,2025-09-15 13:35:30.800,T00000339,339,183.07,13,B,,,
AAPL.P.XNAS,XNAS,2025-09-15 13:35:31.600,T00000340,340,184.4,10,S,,,
AAPL.P.XNAS,XNAS,2025-09-15 13:35:32.500,T00000341,341,185.1,37,S,,,
AAPL.P.XNAS,XNAS,2025-09-15 13:35:33.500,T00000342,342,186.74,11,B,,,
AAPL.P.XNAS,XNAS,2025-09-15 13:35:34.700,T00000343,343,186.16,10,S,,,
AAPL.P.XNAS,XNAS,2025-09-15 13:35:35.000,T00000344,344,187.69,11,S,,,
AAPL.P.XNAS,XNAS,2025-09-15 13:35:35.300,T00000345,345,187.1,15,B,,,
AAPL.P.XNAS,XNAS,2025-09-15 13:35:35.600,T00000346,346,186.15,12,S,,,
AAPL.P.XNAS,XNAS,2025-09-15 13:35:36.500,T00000347,347,177.86,45,S,,,
AAPL.P.XNAS,XNAS,2025-09-15 13:35:37.400,T00000348,348,181.65,10,B,,,
AAPL.P.XNAS,XNAS,2025-09-15 13:35:37.700,T00000349,349,179.08,28,B,,,
AAPL.P.XNAS,XNAS,2025-09-15 13:35:43.000,T00000350,350,185.13,36,B,,,
AAPL.P.XNAS,XNAS,2025-09-15 13:35:45.600,T00000351,351,182.41,22,B,,,
AAPL.P.XNAS,XNAS,2025-09-15 13:35:46.800,T00000352,352,184.27,20,B,,,
AAPL.P.XNAS,XNAS,2025-09-15 13:35:47.000,T00000353,353,183.51,28,S,,,
AAPL.P.XNAS,XNAS,2025-09-15 13:35:47.800,T00000354,354,179.69,62,B,,,
AAPL.P.XNAS,XNAS,2025-09-15 13:35:48.700,T00000355,355,179.13,24,B,,,
AAPL.P.XNAS,XNAS,2025-09-15 13:35:49.300,T00000356,356,177.59,34,S,,,
AAPL.P.XNAS,XNAS,2025-09-15 13:35:49.400,T00000357,357,177.18,34,S,,,
AAPL.P.XNAS,XNAS,2025-09-15 13:35:49.900,T00000358,358,179.9,13,S,,,
AAPL.P.XNAS,XNAS,2025-09-15 13:35:50.000,T00000359,359,179.66,16,B,,,
AAPL.P.XNAS,XNAS,2025-09-15 13:35:50.300,T00000360,360,180.20000000000002,31,B,,,
AAPL.P.XNAS,XNAS,2025-09-15 13:35:50.600,T00000361,361,178.67000000000002,16,B,,,
AAPL.P.XNAS,XNAS,2025-09-15 13:35:51.000,T00000362,362,178.88,26,S,,,
AAPL.P.XNAS,XNAS,2025-09-15 13:35:51.100,T00000363,363,180.05,49,B,,,
AAPL.P.XNAS,XNAS,2025-09-15 13:35:51.900,T00000364,364,180.92,23,B,,,
AAPL.P.XNAS,XNAS,2025-09-15 13:35:55.500,T00000365,365,182.92,26,B,,,
AAPL.P.XNAS,XNAS,2025-09-15 13:35:55.800,T00000366,366,183.39000000000001,40,B,,,
AAPL.P.XNAS,XNAS,2025-09-15 13:35:56.500,T00000367,367,181.58,13,B,,,
AAPL.P.XNAS,XNAS,2025-09-15 13:35:56.600,T00000368,368,181.6,13,B,,,
AAPL.P.XNAS,XNAS,2025-09-15 13:35:57.700,T00000369,369,182.99,29,B,,,
AAPL.P.XNAS,XNAS,2025-09-15 13:35:58.600,T00000370,370,182.99,38,B,,,
AAPL.P.XNAS,XNAS,2025-09-15 13:35:59.100,T00000371,371,183.11,11,B,,,
AAPL.P.XNAS,XNAS,2025-09-15 13:36:00.600,T00000372,372,185.77,37,S,,,
AAPL.P.XNAS,XNAS,2025-09-15 13:36:01.500,T00000373,373,184.96,52,B,,,
AAPL.P.XNAS,XNAS,2025-09-15 13:36:02.700,T00000374,374,183.02,26,S,,,
AAPL.P.XNAS,XNAS,2025-09-15 13:36:03.100,T00000375,375,182.19,16,S,,,
AAPL.P.XNAS,XNAS,2025-09-15 13:36:03.200,T00000376,376,181.64000000000001,7,S,,,
AAPL.P.XNAS,XNAS,2025-09-15 13:36:03.800,T00000377,377,182.62,37,B,,,
AAPL.P.XNAS,XNAS,2025-09-15 13:36:07.200,T00000378,378,183.85,7,B,,,
AAPL.P.XNAS,XNAS,2025-09-15 13:36:07.500,T00000379,379,183.32,13,S,,,
AAPL.P.XNAS,XNAS,2025-09-15 13:36:07.900,T00000380,380,184.25,20,B,,,
AAPL.P.XNAS,XNAS,2025-09-15 13:36:08.200,T00000381,381,182.73999999999998,65,B,,,
AAPL.P.XNAS,XNAS,2025-09-15 13:36:08.400,T00000382,382,183.87,20,B,,,
AAPL.P.XNAS,XNAS,2025-09-15 13:36:08.800,T00000383,383,185.77,16,B,,,
AAPL.P.XNAS,XNAS,2025-09-15 13:36:08.900,T00000384,384,186.81,36,B,,,
AAPL.P.XNAS,XNAS,2025-09-15 13:36:09.200,T00000385,385,187.56,47,B,,,
AAPL.P.XNAS,XNAS,2025-09-15 13:36:09.300,T00000386,386,188.41,66,S,,,
AAPL.P.XNAS,XNAS,2025-09-15 13:36:12.100,T00000387,387,190.77,40,B,,,
AAPL.P.XNAS,XNAS,2025-09-15 13:36:12.600,T00000388,388,188.45000000000002,15,S,,,
AAPL.P.XNAS,XNAS,2025-09-15 13:36:15.800,T00000389,389,180.18,16,B,,,
AAPL.P.XNAS,XNAS,2025-09-15 13:36:16.700,T00000390,390,179.92000000000002,13,S,,,
AAPL.P.XNAS,XNAS,2025-09-15 13:36:16.800,T00000391,391,181.04,11,S,,,
AAPL.P.XNAS,XNAS,2025-09-15 13:36:17.200,T00000392,392,181.52,14,S,,,
AAPL.P.XNAS,XNAS,2025-09-15 13:36:18.500,T00000393,393,173.47,28,B,,,
AAPL.P.XNAS,XNAS,2025-09-15 13:36:18.600,T00000394,394,173.04,16,S,,,
AAPL.P.XNAS,XNAS,2025-09-15 13:36:18.900,T00000395,395,173.03,126,S,,,
AAPL.P.XNAS,XNAS,2025-09-15 13:36:19.100,T00000396,396,174.95000000000002,18,B,,,
AAPL.P.XNAS,XNAS,2025-09-15 13:36:19.700,T00000397,397,174.62,17,S,,,
AAPL.P.XNAS,XNAS,2025-09-15 13:36:21.000,T00000398,398,170.70000000000002,32,B,,,
AAPL.P.XNAS,XNAS,2025-09-15 13:36:21.100,T00000399,399,170.01,9,B,,,
AAPL.P.XNAS,XNAS,2025-09-15 13:36:22.900,T00000400,400,169.5,9,B,,,
AAPL.P.XNAS,XNAS,2025-09-15 13:36:23.500,T00000401,401,168.97,19,S,,,
AAPL.P.XNAS,XNAS,2025-09-15 13:36:25.200,T00000402,402,171.36,13,B,,,
AAPL.P.XNAS,XNAS,2025-09-15 13:36:26.100,T00000403,403,170.45000000000002,11,B,,,
AAPL.P.XNAS,XNAS,2025-09-15 13:36:27.100,T00000404,404,171.52,18,S,,,
AAPL.P.XNAS,XNAS,2025-09-15 13:36:27.600,T00000405,405,170.69,21,B,,,
AAPL.P.XNAS,XNAS,2025-09-15 13:36:27.700,T00000406,406,171.64,12,B,,,
AAPL.P.XNAS,XNAS,2025-09-15 13:36:28.000,T00000407,407,170.69,41,S,,,
AAPL.P.XNAS,XNAS,2025-09-15 13:36:28.300,T00000408,408,169.92000000000002,13,S,,,
AAPL.P.XNAS,XNAS,2025-09-15 13:36:29.400,T00000409,409,168.96,16,S,,,
AAPL.P.XNAS,XNAS,2025-09-15 13:36:30.200,T00000410,410,172.61,105,B,,,
AAPL.P.XNAS,XNAS,2025-09-15 13:36:31.300,T00000411,411,175.0,42,B,,,
AAPL.P.XNAS,XNAS,2025-09-15 13:36:32.400,T00000412,412,175.15,23,B,,,
AAPL.P.XNAS,XNAS,2025-09-15 13:36:34.800,T00000413,413,178.67000000000002,21,S,,,
AAPL.P.XNAS,XNAS,2025-09-15 13:36:35.700,T00000414,414,178.6,23,S,,,
AAPL.P.XNAS,XNAS,2025-09-15 13:36:36.900,T00000415,415,181.53,51,B,,,
AAPL.P.XNAS,XNAS,2025-09-15 13:36:39.200,T00000416,416,183.99,58,S,,,
AAPL.P.XNAS,XNAS,2025-09-15 13:36:41.700,T00000417,417,174.85,6,S,,,
AAPL.P.XNAS,XNAS,2025-09-15 13:36:42.700,T00000418,418,173.92000000000002,11,S,,,
AAPL.P.XNAS,XNAS,2025-09-15 13:36:45.100,T00000419,419,176.73,11,B,,,
AAPL.P.XNAS,XNAS,2025-09-15 13:36:45.500,T00000420,420,176.78,16,B,,,
AAPL.P.XNAS,XNAS,2025-09-15 13:36:45.700,T00000421,421,178.34,38,B,,,
AAPL.P.XNAS,XNAS,2025-09-15 13:36:46.400,T00000422,422,179.76,14,B,,,
AAPL.P.XNAS,XNAS,2025-09-15 13:36:46.700,T00000423,423,178.53,30,S,,,
AAPL.P.XNAS,XNAS,2025-09-15 13:36:47.900,T00000424,424,174.96,10,S,,,
AAPL.P.XNAS,XNAS,2025-09-15 13:36:49.300,T00000425,425,177.9,117,S,,,
AAPL.P.XNAS,XNAS,2025-09-15 13:36:49.500,T00000426,426,179.32,29,B,,,
AAPL.P.XNAS,XNAS,2025-09-15 13:36:50.100,T00000427,427,177.14000000000001,22,S,,,
AAPL.P.XNAS,XNAS,2025-09-15 13:36:50.200,T00000428,428,176.64000000000001,15,B,,,
AAPL.P.XNAS,XNAS,2025-09-15 13:36:50.300,T00000429,429,177.75,27,S,,,
AAPL.P.XNAS,XNAS,2025-09-15 13:36:50.400,T00000430,430,178.55,11,S,,,
AAPL.P.XNAS,XNAS,2025-09-15 13:36:51.400,T00000431,431,180.11,17,S,,,
AAPL.P.XNAS,XNAS,2025-09-15 13:36:52.000,T00000432,432,178.1,13,S,,,
AAPL.P.XNAS,XNAS,2025-09-15 13:36:53.400,T00000433,433,181.65,23,B,,,
AAPL.P.XNAS,XNAS,2025-09-15 13:36:53.700,T00000434,434,181.1,18,B,,,
AAPL.P.XNAS,XNAS,2025-09-15 13:36:55.600,T00000435,435,181.69,69,S,,,
AAPL.P.XNAS,XNAS,2025-09-15 13:36:57.600,T00000436,436,177.72,44,B,,,
AAPL.P.XNAS,XNAS,2025-09-15 13:36:57.700,T00000437,437,177.69,32,S,,,
AAPL.P.XNAS,XNAS,2025-09-15 13:37:00.800,T00000438,438,170.07,15,S,,,
AAPL.P.XNAS,XNAS,2025-09-15 13:37:03.600,T00000439,439,170.3,12,B,,,
AAPL.P.XNAS,XNAS,2025-09-15 13:37:04.600,T00000440,440,171.55,34,S,,,
AAPL.P.XNAS,XNAS,2025-09-15 13:37:05.400,T00000441,441,175.06,22,S,,,
AAPL.P.XNAS,XNAS,2025-09-15 13:37:05.500,T00000442,442,175.43,70,B,,,
AAPL.P.XNAS,XNAS,2025-09-15 13:37:07.300,T00000443,443,174.93,30,S,,,
AAPL.P.XNAS,XNAS,2025-09-15 13:37:07.900,T00000444,444,171.48,10,S,,,
AAPL.P.XNAS,XNAS,2025-09-15 13:37:09.400,T00000445,445,175.19000000000003,58,S,,,
AAPL.P.XNAS,XNAS,2025-09-15 13:37:09.700,T00000446,446,174.23,19,S,,,
AAPL.P.XNAS,XNAS,2025-09-15 13:37:10.100,T00000447,447,172.85,140,S,,,
AAPL.P.XNAS,XNAS,2025-09-15 13:37:10.400,T00000448,448,171.82,24,S,,,
AAPL.P.XNAS,XNAS,2025-09-15 13:37:10.500,T00000449,449,170.82000000000002,77,S,,,
AAPL.P.XNAS,XNAS,2025-09-15 13:37:11.200,T00000450,450,168.63,36,S,,,
AAPL.P.XNAS,XNAS,2025-09-15 13:37:11.300,T00000451,451,169.25,18,S,,,
AAPL.P.XNAS,XNAS,2025-09-15 13:37:11.400,T00000452,452,169.82999999999998,21,B,,,
AAPL.P.XNAS,XNAS,2025-09-15 13:37:12.500,T00000453,453,171.12,11,B,,,
AAPL.P.XNAS,XNAS,2025-09-15 13:37:15.400,T00000454,454,170.44,15,S,,,
AAPL.P.XNAS,XNAS,2025-09-15 13:37:16.300,T00000455,455,173.34,77,S,,,
AAPL.P.XNAS,XNAS,2025-09-15 13:37:16.800,T00000456,456,175.67000000000002,10,S,,,
AAPL.P.XNAS,XNAS,2025-09-15 13:37:17.700,T00000457,457,172.67000000000002,12,S,,,
AAPL.P.XNAS,XNAS,2025-09-15 13:37:19.200,T00000458,458,174.58,70,B,,,
AAPL.P.XNAS,XNAS,2025-09-15 13:37:21.600,T00000459,459,175.20000000000002,46,B,,,
AAPL.P.XNAS,XNAS,2025-09-15 13:37:24.300,T00000460,460,171.33,10,S,,,
AAPL.P.XNAS,XNAS,2025-09-15 13:37:24.800,T00000461,461,169.68,11,S,,,
AAPL.P.XNAS,XNAS,2025-09-15 13:37:25.100,T00000462,462,171.39000000000001,15,S,,,
AAPL.P.XNAS,XNAS,2025-09-15 13:37:25.400,T00000463,463,172.6,13,S,,,
AAPL.P.XNAS,XNAS,2025-09-15 13:37:25.800,T00000464,464,172.31,17,B,,,
AAPL.P.XNAS,XNAS,2025-09-15 13:37:26.800,T00000465,465,176.41,16,B,,,
AAPL.P.XNAS,XNAS,2025-09-15 13:37:28.400,T00000466,466,180.13,53,B,,,
AAPL.P.XNAS,XNAS,2025-09-15 13:37:29.000,T00000467,467,179.48,6,B,,,
AAPL.P.XNAS,XNAS,2025-09-15 13:37:29.900,T00000468,468,178.81,43,B,,,
AAPL.P.XNAS,XNAS,2025-09-15 13:37:32.900,T00000469,469,179.26000000000002,13,S,,,
AAPL.P.XNAS,XNAS,2025-09-15 13:37:33.000,T00000470,470,178.79,40,S,,,
AAPL.P.XNAS,XNAS,2025-09-15 13:37:35.900,T00000471,471,180.21,47,B,,,
AAPL.P.XNAS,XNAS,2025-09-15 13:37:36.500,T00000472,472,181.34,16,S,,,
AAPL.P.XNAS,XNAS,2025-09-15 13:37:36.600,T00000473,473,180.84,10,S,,,
AAPL.P.XNAS,XNAS,2025-09-15 13:37:37.100,T00000474,474,181.19,23,S,,,
AAPL.P.XNAS,XNAS,2025-09-15 13:37:37.400,T00000475,475,181.1,17,S,,,
AAPL.P.XNAS,XNAS,2025-09-15 13:37:38.200,T00000476,476,180.38,12,S,,,
AAPL.P.XNAS,XNAS,2025-09-15 13:37:39.400,T00000477,477,180.21,9,S,,,
AAPL.P.XNAS,XNAS,2025-09-15 13:37:41.900,T00000478,478,181.24,13,S,,,
AAPL.P.XNAS,XNAS,2025-09-15 13:37:42.400,T00000479,479,182.16,17,B,,,
AAPL.P.XNAS,XNAS,2025-09-15 13:37:43.200,T00000480,480,181.51,12,S,,,
AAPL.P.XNAS,XNAS,2025-09-15 13:37:43.400,T00000481,481,182.61,37,B,,,
AAPL.P.XNAS,XNAS,2025-09-15 13:37:43.800,T00000482,482,178.81,10,S,,,
AAPL.P.XNAS,XNAS,2025-09-15 13:37:45.300,T00000483,483,176.79,11,S,,,
AAPL.P.XNAS,XNAS,2025-09-15 13:37:46.300,T00000484,484,179.11,16,B,,,
AAPL.P.XNAS,XNAS,2025-09-15 13:37:49.700,T00000485,485,179.08,21,B,,,
AAPL.P.XNAS,XNAS,2025-09-15 13:37:50.400,T00000486,486,179.01,24,B,,,
AAPL.P.XNAS,XNAS,2025-09-15 13:37:50.600,T00000487,487,179.33,15,S,,,
AAPL.P.XNAS,XNAS,2025-09-15 13:37:52.600,T00000488,488,182.89000000000001,62,S,,,
AAPL.P.XNAS,XNAS,2025-09-15 13:37:53.800,T00000489,489,182.58,23,B,,,
AAPL.P.XNAS,XNAS,2025-09-15 13:37:55.700,T00000490,490,180.82,21,S,,,
AAPL.P.XNAS,XNAS,2025-09-15 13:37:56.000,T00000491,491,182.05,13,B,,,
AAPL.P.XNAS,XNAS,2025-09-15 13:37:56.700,T00000492,492,180.57,11,S,,,
AAPL.P.XNAS,XNAS,2025-09-15 13:37:57.900,T00000493,493,180.43,30,B,,,
AAPL.P.XNAS,XNAS,2025-09-15 13:37:58.400,T00000494,494,175.98,75,S,,,
AAPL.P.XNAS,XNAS,2025-09-15 13:37:59.300,T00000495,495,175.99,20,S,,,
AAPL.P.XNAS,XNAS,2025-09-15 13:38:00.300,T00000496,496,172.78,12,B,,,
AAPL.P.XNAS,XNAS,2025-09-15 13:38:00.400,T00000497,497,172.28,16,B,,,
AAPL.P.XNAS,XNAS,2025-09-15 13:38:01.800,T00000498,498,172.59,11,B,,,
AAPL.P.XNAS,XNAS,2025-09-15 13:38:05.900,T00000499,499,179.5,12,B,,,
AAPL.P.XNAS,XNAS,2025-09-15 13:38:06.600,T00000500,500,175.16000000000003,31,S,,,
AAPL.P.XNAS,XNAS,2025-09-15 13:38:06.900,T00000501,501,175.76,11,B,,,
AAPL.P.XNAS,XNAS,2025-09-15 13:38:07.200,T00000502,502,179.32,14,B,,,
AAPL.P.XNAS,XNAS,2025-09-15 13:38:08.500,T00000503,503,179.31,12,B,,,
AAPL.P.XNAS,XNAS,2025-09-15 13:38:08.900,T00000504,504,179.9,16,B,,,
AAPL.P.XNAS,XNAS,2025-09-15 13:38:10.800,T00000505,505,174.47,17,B,,,
AAPL.P.XNAS,XNAS,2025-09-15 13:38:11.400,T00000506,506,176.06,41,B,,,
AAPL.P.XNAS,XNAS,2025-09-15 13:38:12.600,T00000507,507,181.76,34,B,,,
AAPL.P.XNAS,XNAS,2025-09-15 13:38:16.100,T00000508,508,184.46,24,S,,,
AAPL.P.XNAS,XNAS,2025-09-15 13:38:16.200,T00000509,509,183.5,52,S,,,
AAPL.P.XNAS,XNAS,2025-09-15 13:38:19.900,T00000510,510,185.61,29,B,,,
AAPL.P.XNAS,XNAS,2025-09-15 13:38:20.700,T00000511,511,182.4,19,B,,,
AAPL.P.XNAS,XNAS,2025-09-15 13:38:20.900,T00000512,512,182.1,48,B,,,
AAPL.P.XNAS,XNAS,2025-09-15 13:38:21.800,T00000513,513,182.95000000000002,31,S,,,
AAPL.P.XNAS,XNAS,2025-09-15 13:38:22.100,T00000514,514,183.26,28,S,,,
AAPL.P.XNAS,XNAS,2025-09-15 13:38:22.200,T00000515,515,182.57,22,S,,,
AAPL.P.XNAS,XNAS,2025-09-15 13:38:22.700,T00000516,516,180.94,17,S,,,
AAPL.P.XNAS,XNAS,2025-09-15 13:38:23.600,T00000517,517,185.26,12,S,,,
AAPL.P.XNAS,XNAS,2025-09-15 13:38:24.100,T00000518,518,188.31,17,B,,,
AAPL.P.XNAS,XNAS,2025-09-15 13:38:24.200,T00000519,519,186.65,30,S,,,
AAPL.P.XNAS,XNAS,2025-09-15 13:38:24.400,T00000520,520,185.73,10,B,,,
AAPL.P.XNAS,XNAS,2025-09-15 13:38:25.400,T00000521,521,186.41,30,S,,,
AAPL.P.XNAS,XNAS,2025-09-15 13:38:25.700,T00000522,522,184.79,16,S,,,
AAPL.P.XNAS,XNAS,2025-09-15 13:38:25.800,T00000523,523,184.75,17,S,,,
AAPL.P.XNAS,XNAS,2025-09-15 13:38:27.500,T00000524,524,182.82,24,S,,,
AAPL.P.XNAS,XNAS,2025-09-15 13:38:27.600,T00000525,525,182.95000000000002,14,B,,,
AAPL.P.XNAS,XNAS,2025-09-15 13:38:29.600,T00000526,526,183.1,24,B,,,
AAPL.P.XNAS,XNAS,2025-09-15 13:38:30.100,T00000527,527,183.02,20,B,,,
AAPL.P.XNAS,XNAS,2025-09-15 13:38:30.800,T00000528,528,183.01,12,S,,,
AAPL.P.XNAS,XNAS,2025-09-15 13:38:33.100,T00000529,529,181.33,44,B,,,
AAPL.P.XNAS,XNAS,2025-09-15 13:38:33.900,T00000530,530,181.66,23,S,,,
AAPL.P.XNAS,XNAS,2025-09-15 13:38:34.000,T00000531,531,181.16,70,B,,,
AAPL.P.XNAS,XNAS,2025-09-15 13:38:34.700,T00000532,532,182.24,21,S,,,
AAPL.P.XNAS,XNAS,2025-09-15 13:38:35.900,T00000533,533,185.35,24,S,,,
AAPL.P.XNAS,XNAS,2025-09-15 13:38:36.200,T00000534,534,182.63,59,S,,,
AAPL.P.XNAS,XNAS,2025-09-15 13:38:36.900,T00000535,535,182.59,15,S,,,
AAPL.P.XNAS,XNAS,2025-09-15 13:38:37.100,T00000536,536,181.94,19,B,,,
AAPL.P.XNAS,XNAS,2025-09-15 13:38:37.300,T00000537,537,180.47,51,B,,,
AAPL.P.XNAS,XNAS,2025-09-15 13:38:42.200,T00000538,538,180.25,11,S,,,
AAPL.P.XNAS,XNAS,2025-09-15 13:38:42.400,T00000539,539,179.37,12,B,,,
AAPL.P.XNAS,XNAS,2025-09-15 13:38:43.400,T00000540,540,182.86,20,S,,,
AAPL.P.XNAS,XNAS,2025-09-15 13:38:45.300,T00000541,541,183.24,27,B,,,
AAPL.P.XNAS,XNAS,2025-09-15 13:38:45.600,T00000542,542,180.12,29,S,,,
AAPL.P.XNAS,XNAS,2025-09-15 13:38:46.300,T00000543,543,180.3,17,B,,,
AAPL.P.XNAS,XNAS,2025-09-15 13:38:46.800,T00000544,544,181.3,51,S,,,
AAPL.P.XNAS,XNAS,2025-09-15 13:38:47.000,T00000545,545,180.87,22,B,,,
AAPL.P.XNAS,XNAS,2025-09-15 13:38:48.800,T00000546,546,183.85,40,S,,,
AAPL.P.XNAS,XNAS,2025-09-15 13:38:49.300,T00000547,547,184.37,14,B,,,
AAPL.P.XNAS,XNAS,2025-09-15 13:38:51.100,T00000548,548,183.67000000000002,11,S,,,
AAPL.P.XNAS,XNAS,2025-09-15 13:38:51.200,T00000549,549,184.66,20,S,,,
AAPL.P.XNAS,XNAS,2025-09-15 13:38:51.500,T00000550,550,183.43,31,S,,,
AAPL.P.XNAS,XNAS,2025-09-15 13:38:52.200,T00000551,551,180.99,18,S,,,
AAPL.P.XNAS,XNAS,2025-09-15 13:38:52.400,T00000552,552,182.17000000000002,21,B,,,
AAPL.P.XNAS,XNAS,2025-09-15 13:38:52.900,T00000553,553,182.35,13,B,,,
AAPL.P.XNAS,XNAS,2025-09-15 13:38:53.700,T00000554,554,179.88,20,B,,,
AAPL.P.XNAS,XNAS,2025-09-15 13:38:55.000,T00000555,555,174.82,21,S,,,
AAPL.P.XNAS,XNAS,2025-09-15 13:38:55.600,T00000556,556,177.6,23,B,,,
AAPL.P.XNAS,XNAS,2025-09-15 13:38:56.800,T00000557,557,173.43,15,S,,,
AAPL.P.XNAS,XNAS,2025-09-15 13:38:57.000,T00000558,558,174.67000000000002,29,B,,,
AAPL.P.XNAS,XNAS,2025-09-15 13:38:58.000,T00000559,559,173.95000000000002,41,S,,,
AAPL.P.XNAS,XNAS,2025-09-15 13:38:58.200,T00000560,560,173.20000000000002,19,B,,,
AAPL.P.XNAS,XNAS,2025-09-15 13:38:58.700,T00000561,561,176.15,27,S,,,
AAPL.P.XNAS,XNAS,2025-09-15 13:38:59.000,T00000562,562,172.21,40,B,,,
AAPL.P.XNAS,XNAS,2025-09-15 13:38:59.200,T00000563,563,171.92000000000002,28,S,,,
AAPL.P.XNAS,XNAS,2025-09-15 13:38:59.600,T00000564,564,172.20000000000002,38,B,,,
AAPL.P.XNAS,XNAS,2025-09-15 13:39:00.700,T00000565,565,170.16,13,S,,,
AAPL.P.XNAS,XNAS,2025-09-15 13:39:01.700,T00000566,566,172.09,10,S,,,
AAPL.P.XNAS,XNAS,2025-09-15 13:39:03.300,T00000567,567,169.2,16,B,,,
AAPL.P.XNAS,XNAS,2025-09-15 13:39:03.800,T00000568,568,170.78,43,B,,,
AAPL.P.XNAS,XNAS,2025-09-15 13:39:05.000,T00000569,569,170.36,44,S,,,
AAPL.P.XNAS,XNAS,2025-09-15 13:39:05.700,T00000570,570,173.03,21,S,,,
AAPL.P.XNAS,XNAS,2025-09-15 13:39:06.300,T00000571,571,174.01,12,B,,,
AAPL.P.XNAS,XNAS,2025-09-15 13:39:06.500,T00000572,572,171.89000000000001,20,B,,,
AAPL.P.XNAS,XNAS,2025-09-15 13:39:06.900,T00000573,573,172.45000000000002,30,S,,,
AAPL.P.XNAS,XNAS,2025-09-15 13:39:08.100,T00000574,574,177.8,21,S,,,
AAPL.P.XNAS,XNAS,2025-09-15 13:39:09.600,T00000575,575,178.3,22,S,,,
AAPL.P.XNAS,XNAS,2025-09-15 13:39:10.800,T00000576,576,174.86,15,S,,,
AAPL.P.XNAS,XNAS,2025-09-15 13:39:11.500,T00000577,577,177.65,38,S,,,
AAPL.P.XNAS,XNAS,2025-09-15 13:39:11.700,T00000578,578,176.97,16,B,,,
AAPL.P.XNAS,XNAS,2025-09-15 13:39:12.200,T00000579,579,174.19000000000003,62,S,,,
AAPL.P.XNAS,XNAS,2025-09-15 13:39:12.800,T00000580,580,174.59,69,S,,,
AAPL.P.XNAS,XNAS,2025-09-15 13:39:13.600,T00000581,581,178.82,13,B,,,
AAPL.P.XNAS,XNAS,2025-09-15 13:39:14.500,T00000582,582,180.91,39,S,,,
AAPL.P.XNAS,XNAS,2025-09-15 13:39:16.100,T00000583,583,181.42000000000002,32,S,,,
AAPL.P.XNAS,XNAS,2025-09-15 13:39:17.000,T00000584,584,182.8,20,S,,,
AAPL.P.XNAS,XNAS,2025-09-15 13:39:20.400,T00000585,585,181.16,27,B,,,
AAPL.P.XNAS,XNAS,2025-09-15 13:39:21.900,T00000586,586,181.17000000000002,12,B,,,
AAPL.P.XNAS,XNAS,2025-09-15 13:39:22.000,T00000587,587,180.94,17,S,,,
AAPL.P.XNAS,XNAS,2025-09-15 13:39:22.800,T00000588,588,181.29,27,S,,,
AAPL.P.XNAS,XNAS,2025-09-15 13:39:23.500,T00000589,589,180.78,15,B,,,
AAPL.P.XNAS,XNAS,2025-09-15 13:39:23.700,T00000590,590,183.04,14,S,,,
AAPL.P.XNAS,XNAS,2025-09-15 13:39:26.100,T00000591,591,183.27,40,B,,,
AAPL.P.XNAS,XNAS,2025-09-15 13:39:28.600,T00000592,592,180.26,17,B,,,
AAPL.P.XNAS,XNAS,2025-09-15 13:39:28.900,T00000593,593,179.70000000000002,29,S,,,
AAPL.P.XNAS,XNAS,2025-09-15 13:39:30.200,T00000594,594,178.97,37,S,,,
AAPL.P.XNAS,XNAS,2025-09-15 13:39:31.400,T00000595,595,179.14000000000001,15,S,,,
AAPL.P.XNAS,XNAS,2025-09-15 13:39:32.100,T00000596,596,177.88,37,S,,,
AAPL.P.XNAS,XNAS,2025-09-15 13:39:32.200,T00000597,597,179.52,22,B,,,
AAPL.P.XNAS,XNAS,2025-09-15 13:39:32.600,T00000598,598,177.01,16,B,,,
AAPL.P.XNAS,XNAS,2025-09-15 13:39:36.800,T00000599,599,172.92000000000002,12,B,,,
AAPL.P.XNAS,XNAS,2025-09-15 13:39:37.000,T00000600,600,171.85,13,S,,,
AAPL.P.XNAS,XNAS,2025-09-15 13:39:37.100,T00000601,601,173.71,28,B,,,
AAPL.P.XNAS,XNAS,2025-09-15 13:39:37.200,T00000602,602,173.64000000000001,13,B,,,
AAPL.P.XNAS,XNAS,2025-09-15 13:39:38.500,T00000603,603,175.07000000000002,15,S,,,
AAPL.P.XNAS,XNAS,2025-09-15 13:39:42.000,T00000604,604,177.07,34,S,,,
AAPL.P.XNAS,XNAS,2025-09-15 13:39:43.000,T00000605,605,177.23,16,S,,,
AAPL.P.XNAS,XNAS,2025-09-15 13:39:44.000,T00000606,606,175.14000000000001,11,S,,,
AAPL.P.XNAS,XNAS,2025-09-15 13:39:46.300,T00000607,607,170.28,44,B,,,
AAPL.P.XNAS,XNAS,2025-09-15 13:39:46.500,T00000608,608,168.53,35,S,,,
AAPL.P.XNAS,XNAS,2025-09-15 13:39:48.600,T00000609,609,166.84,13,B,,,
AAPL.P.XNAS,XNAS,2025-09-15 13:39:48.800,T00000610,610,165.81,16,S,,,
AAPL.P.XNAS,XNAS,2025-09-15 13:39:48.900,T00000611,611,164.06,13,S,,,
AAPL.P.XNAS,XNAS,2025-09-15 13:39:52.100,T00000612,612,167.11,17,B,,,
AAPL.P.XNAS,XNAS,2025-09-15 13:39:52.900,T00000613,613,168.91,36,B,,,
AAPL.P.XNAS,XNAS,2025-09-15 13:39:54.600,T00000614,614,172.41,22,B,,,
AAPL.P.XNAS,XNAS,2025-09-15 13:39:56.700,T00000615,615,177.5,11,S,,,
AAPL.P.XNAS,XNAS,2025-09-15 13:39:57.000,T00000616,616,178.45000000000002,26,S,,,
AAPL.P.XNAS,XNAS,2025-09-15 13:39:57.700,T00000617,617,179.54,13,B,,,
AAPL.P.XNAS,XNAS,2025-09-15 13:39:57.800,T00000618,618,180.08,30,B,,,
AAPL.P.XNAS,XNAS,2025-09-15 13:40:00.200,T00000619,619,181.73,10,B,,,
AAPL.P.XNAS,XNAS,2025-09-15 13:40:03.200,T00000620,620,180.57,22,S,,,
AAPL.P.XNAS,XNAS,2025-09-15 13:40:05.400,T00000621,621,184.54,22,B,,,
AAPL.P.XNAS,XNAS,2025-09-15 13:40:06.100,T00000622,622,189.17000000000002,19,S,,,
AAPL.P.XNAS,XNAS,2025-09-15 13:40:08.600,T00000623,623,189.62,23,B,,,
AAPL.P.XNAS,XNAS,2025-09-15 13:40:09.500,T00000624,624,187.01,39,S,,,
AAPL.P.XNAS,XNAS,2025-09-15 13:40:09.800,T00000625,625,186.44,12,S,,,
AAPL.P.XNAS,XNAS,2025-09-15 13:40:10.500,T00000626,626,183.75,22,S,,,
AAPL.P.XNAS,XNAS,2025-09-15 13:40:11.900,T00000627,627,183.70000000000002,24,S,,,
AAPL.P.XNAS,XNAS,2025-09-15 13:40:12.100,T00000628,628,183.3,7,B,,,
AAPL.P.XNAS,XNAS,2025-09-15 13:40:12.500,T00000629,629,184.14000000000001,39,B,,,
AAPL.P.XNAS,XNAS,2025-09-15 13:40:12.600,T00000630,630,183.4,84,B,,,
AAPL.P.XNAS,XNAS,2025-09-15 13:40:16.600,T00000631,631,179.89000000000001,8,S,,,
AAPL.P.XNAS,XNAS,2025-09-15 13:40:17.000,T00000632,632,180.96,14,S,,,
AAPL.P.XNAS,XNAS,2025-09-15 13:40:17.100,T00000633,633,180.19,24,S,,,
AAPL.P.XNAS,XNAS,2025-09-15 13:40:17.200,T00000634,634,180.39000000000001,52,B,,,
AAPL.P.XNAS,XNAS,2025-09-15 13:40:21.300,T00000635,635,180.5,12,B,,,
AAPL.P.XNAS,XNAS,2025-09-15 13:40:21.600,T00000636,636,177.27,14,B,,,
AAPL.P.XNAS,XNAS,2025-09-15 13:40:22.600,T00000637,637,180.26,23,B,,,
AAPL.P.XNAS,XNAS,2025-09-15 13:40:22.700,T00000638,638,178.95000000000002,12,S,,,
AAPL.P.XNAS,XNAS,2025-09-15 13:40:23.400,T00000639,639,177.19000000000003,22,S,,,
AAPL.P.XNAS,XNAS,2025-09-15 13:40:23.500,T00000640,640,177.15,12,B,,,
AAPL.P.XNAS,XNAS,2025-09-15 13:40:24.100,T00000641,641,177.16,126,S,,,
AAPL.P.XNAS,XNAS,2025-09-15 13:40:26.300,T00000642,642,179.37,15,S,,,
AAPL.P.XNAS,XNAS,2025-09-15 13:40:29.800,T00000643,643,181.07,34,B,,,
AAPL.P.XNAS,XNAS,2025-09-15 13:40:30.900,T00000644,644,179.81,25,S,,,
AAPL.P.XNAS,XNAS,2025-09-15 13:40:31.000,T00000645,645,179.9,26,B,,,
AAPL.P.XNAS,XNAS,2025-09-15 13:40:32.600,T00000646,646,183.66,12,S,,,
AAPL.P.XNAS,XNAS,2025-09-15 13:40:33.100,T00000647,647,186.01,23,B,,,
AAPL.P.XNAS,XNAS,2025-09-15 13:40:33.500,T00000648,648,183.77,30,S,,,
AAPL.P.XNAS,XNAS,2025-09-15 13:40:34.700,T00000649,649,182.19,10,S,,,
AAPL.P.XNAS,XNAS,2025-09-15 13:40:37.600,T00000650,650,181.79,13,S,,,
AAPL.P.XNAS,XNAS,2025-09-15 13:40:38.400,T00000651,651,182.71,15,S,,,
AAPL.P.XNAS,XNAS,2025-09-15 13:40:39.800,T00000652,652,179.25,40,S,,,
AAPL.P.XNAS,XNAS,2025-09-15 13:40:40.800,T00000653,653,180.55,26,B,,,
AAPL.P.XNAS,XNAS,2025-09-15 13:40:43.100,T00000654,654,180.06,15,S,,,
AAPL.P.XNAS,XNAS,2025-09-15 13:40:43.300,T00000655,655,176.59,15,S,,,
AAPL.P.XNAS,XNAS,2025-09-15 13:40:43.700,T00000656,656,174.39000000000001,12,S,,,
AAPL.P.XNAS,XNAS,2025-09-15 13:40:44.200,T00000657,657,173.84,6,B,,,
AAPL.P.XNAS,XNAS,2025-09-15 13:40:45.100,T00000658,658,171.37,19,S,,,
AAPL.P.XNAS,XNAS,2025-09-15 13:40:45.300,T00000659,659,171.48,15,S,,,
AAPL.P.XNAS,XNAS,2025-09-15 13:40:45.800,T00000660,660,169.44,12,S,,,
AAPL.P.XNAS,XNAS,2025-09-15 13:40:47.400,T00000661,661,166.96,27,S,,,
AAPL.P.XNAS,XNAS,2025-09-15 13:40:48.200,T00000662,662,166.55,11,S,,,
AAPL.P.XNAS,XNAS,2025-09-15 13:40:48.400,T00000663,663,165.96,22,S,,,
AAPL.P.XNAS,XNAS,2025-09-15 13:40:48.800,T00000664,664,168.05,15,S,,,
AAPL.P.XNAS,XNAS,2025-09-15 13:40:49.300,T00000665,665,170.49,12,S,,,
AAPL.P.XNAS,XNAS,2025-09-15 13:40:49.600,T00000666,666,170.95000000000002,46,S,,,
AAPL.P.XNAS,XNAS,2025-09-15 13:40:49.800,T00000667,667,173.09,22,S,,,
AAPL.P.XNAS,XNAS,2025-09-15 13:40:50.300,T00000668,668,173.73,11,B,,,
AAPL.P.XNAS,XNAS,2025-09-15 13:40:54.000,T00000669,669,179.17000000000002,13,B,,,
AAPL.P.XNAS,XNAS,2025-09-15 13:40:55.300,T00000670,670,176.15,18,S,,,
AAPL.P.XNAS,XNAS,2025-09-15 13:40:56.400,T00000671,671,179.51999999999998,18,B,,,
AAPL.P.XNAS,XNAS,2025-09-15 13:40:56.800,T00000672,672,181.20000000000002,22,B,,,
AAPL.P.XNAS,XNAS,2025-09-15 13:40:57.000,T00000673,673,182.49,12,B,,,
AAPL.P.XNAS,XNAS,2025-09-15 13:40:57.300,T00000674,674,183.03,29,B,,,
AAPL.P.XNAS,XNAS,2025-09-15 13:40:57.900,T00000675,675,182.35,22,B,,,
AAPL.P.XNAS,XNAS,2025-09-15 13:40:59.300,T00000676,676,181.17000000000002,20,B,,,
AAPL.P.XNAS,XNAS,2025-09-15 13:40:59.800,T00000677,677,179.17000000000002,36,S,,,
AAPL.P.XNAS,XNAS,2025-09-15 13:40:59.900,T00000678,678,177.65,19,S,,,
AAPL.P.XNAS,XNAS,2025-09-15 13:41:02.400,T00000679,679,180.14,14,B,,,
AAPL.P.XNAS,XNAS,2025-09-15 13:41:03.000,T00000680,680,179.38,14,B,,,
AAPL.P.XNAS,XNAS,2025-09-15 13:41:03.300,T00000681,681,178.11,13,S,,,
AAPL.P.XNAS,XNAS,2025-09-15 13:41:03.400,T00000682,682,177.49,16,S,,,
AAPL.P.XNAS,XNAS,2025-09-15 13:41:04.400,T00000683,683,175.34,33,B,,,
AAPL.P.XNAS,XNAS,2025-09-15 13:41:05.500,T00000684,684,176.53,17,S,,,
AAPL.P.XNAS,XNAS,2025-09-15 13:41:05.700,T00000685,685,177.07,42,S,,,
AAPL.P.XNAS,XNAS,2025-09-15 13:41:06.500,T00000686,686,176.77,39,S,,,
AAPL.P.XNAS,XNAS,2025-09-15 13:41:08.400,T00000687,687,177.17000000000002,67,B,,,
AAPL.P.XNAS,XNAS,2025-09-15 13:41:09.200,T00000688,688,174.24,41,S,,,
AAPL.P.XNAS,XNAS,2025-09-15 13:41:12.200,T00000689,689,180.57,37,S,,,
AAPL.P.XNAS,XNAS,2025-09-15 13:41:14.800,T00000690,690,176.70000000000002,11,S,,,
AAPL.P.XNAS,XNAS,2025-09-15 13:41:15.100,T00000691,691,177.16,20,B,,,
AAPL.P.XNAS,XNAS,2025-09-15 13:41:15.400,T00000692,692,176.75,13,B,,,
AAPL.P.XNAS,XNAS,2025-09-15 13:41:15.700,T00000693,693,173.58,17,B,,,
AAPL.P.XNAS,XNAS,2025-09-15 13:41:16.200,T00000694,694,176.83,19,B,,,
AAPL.P.XNAS,XNAS,2025-09-15 13:41:17.000,T00000695,695,180.28,34,B,,,
AAPL.P.XNAS,XNAS,2025-09-15 13:41:17.100,T00000696,696,180.16000000000003,25,S,,,
AAPL.P.XNAS,XNAS,2025-09-15 13:41:17.800,T00000697,697,178.31,24,S,,,
AAPL.P.XNAS,XNAS,2025-09-15 13:41:18.400,T00000698,698,179.84,17,S,,,
AAPL.P.XNAS,XNAS,2025-09-15 13:41:23.300,T00000699,699,173.18,14,S,,,
AAPL.P.XNAS,XNAS,2025-09-15 13:41:24.200,T00000700,700,171.18,42,S,,,
AAPL.P.XNAS,XNAS,2025-09-15 13:41:25.700,T00000701,701,176.20000000000002,23,B,,,
AAPL.P.XNAS,XNAS,2025-09-15 13:41:26.300,T00000702,702,179.13,4,B,,,
AAPL.P.XNAS,XNAS,2025-09-15 13:41:27.800,T00000703,703,176.4,10,S,,,
AAPL.P.XNAS,XNAS,2025-09-15 13:41:28.100,T00000704,704,175.20000000000002,49,B,,,
AAPL.P.XNAS,XNAS,2025-09-15 13:41:28.200,T00000705,705,175.17000000000002,18,S,,,
AAPL.P.XNAS,XNAS,2025-09-15 13:41:28.700,T00000706,706,173.0,43,S,,,
AAPL.P.XNAS,XNAS,2025-09-15 13:41:31.000,T00000707,707,172.89000000000001,25,S,,,
AAPL.P.XNAS,XNAS,2025-09-15 13:41:31.900,T00000708,708,176.23,13,S,,,
AAPL.P.XNAS,XNAS,2025-09-15 13:41:32.700,T00000709,709,173.38000000000002,10,S,,,
AAPL.P.XNAS,XNAS,2025-09-15 13:41:33.100,T00000710,710,171.24,13,S,,,
AAPL.P.XNAS,XNAS,2025-09-15 13:41:33.400,T00000711,711,172.63,10,B,,,
AAPL.P.XNAS,XNAS,2025-09-15 13:41:35.300,T00000712,712,174.58,41,S,,,
AAPL.P.XNAS,XNAS,2025-09-15 13:41:35.400,T00000713,713,174.19,14,B,,,
AAPL.P.XNAS,XNAS,2025-09-15 13:41:35.800,T00000714,714,173.95,15,B,,,
AAPL.P.XNAS,XNAS,2025-09-15 13:41:36.100,T00000715,715,177.36,27,S,,,
AAPL.P.XNAS,XNAS,2025-09-15 13:41:36.800,T00000716,716,178.05,14,S,,,
AAPL.P.XNAS,XNAS,2025-09-15 13:41:38.800,T00000717,717,180.63,77,B,,,
AAPL.P.XNAS,XNAS,2025-09-15 13:41:40.900,T00000718,718,187.09,11,S,,,
AAPL.P.XNAS,XNAS,2025-09-15 13:41:43.300,T00000719,719,186.16000000000003,16,S,,,
AAPL.P.XNAS,XNAS,2025-09-15 13:41:43.800,T00000720,720,185.16,27,S,,,
AAPL.P.XNAS,XNAS,2025-09-15 13:41:47.200,T00000721,721,182.08,9,S,,,
AAPL.P.XNAS,XNAS,2025-09-15 13:41:47.500,T00000722,722,182.58,10,B,,,
AAPL.P.XNAS,XNAS,2025-09-15 13:41:47.700,T00000723,723,184.17000000000002,14,S,,,
AAPL.P.XNAS,XNAS,2025-09-15 13:41:49.000,T00000724,724,182.85,39,B,,,
AAPL.P.XNAS,XNAS,2025-09-15 13:41:49.300,T00000725,725,182.52,25,B,,,
AAPL.P.XNAS,XNAS,2025-09-15 13:41:49.400,T00000726,726,183.51999999999998,22,B,,,
AAPL.P.XNAS,XNAS,2025-09-15 13:41:54.500,T00000727,727,176.96,24,B,,,
AAPL.P.XNAS,XNAS,2025-09-15 13:41:54.900,T00000728,728,176.86,12,S,,,
AAPL.P.XNAS,XNAS,2025-09-15 13:41:57.600,T00000729,729,178.64000000000001,15,S,,,
AAPL.P.XNAS,XNAS,2025-09-15 13:41:59.200,T00000730,730,177.11,19,B,,,
AAPL.P.XNAS,XNAS,2025-09-15 13:42:01.100,T00000731,731,181.86,30,S,,,
AAPL.P.XNAS,XNAS,2025-09-15 13:42:01.600,T00000732,732,180.67000000000002,69,B,,,
AAPL.P.XNAS,XNAS,2025-09-15 13:42:03.000,T00000733,733,180.25,41,S,,,
AAPL.P.XNAS,XNAS,2025-09-15 13:42:04.500,T00000734,734,180.08,29,B,,,
AAPL.P.XNAS,XNAS,2025-09-15 13:42:05.900,T00000735,735,180.4,11,S,,,
AAPL.P.XNAS,XNAS,2025-09-15 13:42:08.700,T00000736,736,186.48,11,S,,,
AAPL.P.XNAS,XNAS,2025-09-15 13:42:09.800,T00000737,737,181.15,77,B,,,
AAPL.P.XNAS,XNAS,2025-09-15 13:42:10.600,T00000738,738,178.03,23,S,,,
AAPL.P.XNAS,XNAS,2025-09-15 13:42:11.600,T00000739,739,176.75,21,B,,,
AAPL.P.XNAS,XNAS,2025-09-15 13:42:11.700,T00000740,740,175.99,86,B,,,
AAPL.P.XNAS,XNAS,2025-09-15 13:42:12.600,T00000741,741,177.62,19,B,,,
AAPL.P.XNAS,XNAS,2025-09-15 13:42:12.800,T00000742,742,179.06,38,B,,,
AAPL.P.XNAS,XNAS,2025-09-15 13:42:13.200,T00000743,743,180.63,20,S,,,
AAPL.P.XNAS,XNAS,2025-09-15 13:42:16.400,T00000744,744,183.06,20,S,,,
AAPL.P.XNAS,XNAS,2025-09-15 13:42:16.500,T00000745,745,184.01,27,B,,,
AAPL.P.XNAS,XNAS,2025-09-15 13:42:17.100,T00000746,746,184.0,24,B,,,
AAPL.P.XNAS,XNAS,2025-09-15 13:42:17.300,T00000747,747,183.61,16,B,,,
AAPL.P.XNAS,XNAS,2025-09-15 13:42:17.800,T00000748,748,184.79,25,B,,,
AAPL.P.XNAS,XNAS,2025-09-15 13:42:18.700,T00000749,749,184.84,17,S,,,
AAPL.P.XNAS,XNAS,2025-09-15 13:42:20.300,T00000750,750,185.93,27,B,,,
AAPL.P.XNAS,XNAS,2025-09-15 13:42:20.800,T00000751,751,186.35,44,S,,,
AAPL.P.XNAS,XNAS,2025-09-15 13:42:21.400,T00000752,752,186.47,12,B,,,
AAPL.P.XNAS,XNAS,2025-09-15 13:42:22.000,T00000753,753,185.93,8,S,,,
AAPL.P.XNAS,XNAS,2025-09-15 13:42:22.300,T00000754,754,184.35,2,S,,,
AAPL.P.XNAS,XNAS,2025-09-15 13:42:23.200,T00000755,755,180.17000000000002,19,S,,,
AAPL.P.XNAS,XNAS,2025-09-15 13:42:23.700,T00000756,756,179.0,13,S,,,
AAPL.P.XNAS,XNAS,2025-09-15 13:42:23.800,T00000757,757,178.99,43,S,,,
AAPL.P.XNAS,XNAS,2025-09-15 13:42:24.300,T00000758,758,182.36,14,B,,,
AAPL.P.XNAS,XNAS,2025-09-15 13:42:24.400,T00000759,759,182.94,32,S,,,
AAPL.P.XNAS,XNAS,2025-09-15 13:42:24.800,T00000760,760,182.82,11,S,,,
AAPL.P.XNAS,XNAS,2025-09-15 13:42:29.300,T00000761,761,179.47,51,S,,,
AAPL.P.XNAS,XNAS,2025-09-15 13:42:30.200,T00000762,762,178.84,10,S,,,
AAPL.P.XNAS,XNAS,2025-09-15 13:42:30.500,T00000763,763,179.12,16,B,,,
AAPL.P.XNAS,XNAS,2025-09-15 13:42:30.600,T00000764,764,177.1,11,S,,,
AAPL.P.XNAS,XNAS,2025-09-15 13:42:33.700,T00000765,765,175.71,22,B,,,
AAPL.P.XNAS,XNAS,2025-09-15 13:42:34.700,T00000766,766,177.48,13,B,,,
AAPL.P.XNAS,XNAS,2025-09-15 13:42:35.100,T00000767,767,179.11,29,S,,,
AAPL.P.XNAS,XNAS,2025-09-15 13:42:37.200,T00000768,768,176.59,12,B,,,
AAPL.P.XNAS,XNAS,2025-09-15 13:42:38.800,T00000769,769,175.54,19,S,,,
AAPL.P.XNAS,XNAS,2025-09-15 13:42:39.100,T00000770,770,175.49,12,S,,,
AAPL.P.XNAS,XNAS,2025-09-15 13:42:41.900,T00000771,771,171.3,38,S,,,
AAPL.P.XNAS,XNAS,2025-09-15 13:42:42.200,T00000772,772,171.01,16,B,,,
AAPL.P.XNAS,XNAS,2025-09-15 13:42:43.600,T00000773,773,177.27,27,S,,,
AAPL.P.XNAS,XNAS,2025-09-15 13:42:44.100,T00000774,774,174.18,10,S,,,
AAPL.P.XNAS,XNAS,2025-09-15 13:42:45.500,T00000775,775,175.92000000000002,54,B,,,
AAPL.P.XNAS,XNAS,2025-09-15 13:42:46.100,T00000776,776,176.53,18,S,,,
AAPL.P.XNAS,XNAS,2025-09-15 13:42:47.800,T00000777,777,171.92000000000002,11,S,,,
AAPL.P.XNAS,XNAS,2025-09-15 13:42:49.200,T00000778,778,174.24,59,S,,,
AAPL.P.XNAS,XNAS,2025-09-15 13:42:49.300,T00000779,779,175.58,10,S,,,
AAPL.P.XNAS,XNAS,2025-09-15 13:42:51.300,T00000780,780,176.89000000000001,14,S,,,
AAPL.P.XNAS,XNAS,2025-09-15 13:42:51.800,T00000781,781,179.53,30,B,,,
AAPL.P.XNAS,XNAS,2025-09-15 13:42:52.900,T00000782,782,177.68,29,B,,,
AAPL.P.XNAS,XNAS,2025-09-15 13:42:54.700,T00000783,783,182.58,33,B,,,
AAPL.P.XNAS,XNAS,2025-09-15 13:42:58.700,T00000784,784,189.58,10,S,,,
AAPL.P.XNAS,XNAS,2025-09-15 13:42:58.800,T00000785,785,188.98,18,B,,,
AAPL.P.XNAS,XNAS,2025-09-15 13:42:59.700,T00000786,786,186.89000000000001,10,S,,,
AAPL.P.XNAS,XNAS,2025-09-15 13:42:59.900,T00000787,787,186.65,28,B,,,
AAPL.P.XNAS,XNAS,2025-09-15 13:43:00.600,T00000788,788,182.21,65,S,,,
AAPL.P.XNAS,XNAS,2025-09-15 13:43:01.000,T00000789,789,183.58,41,S,,,
AAPL.P.XNAS,XNAS,2025-09-15 13:43:02.700,T00000790,790,184.66,168,S,,,
AAPL.P.XNAS,XNAS,2025-09-15 13:43:04.400,T00000791,791,182.85,18,S,,,
AAPL.P.XNAS,XNAS,2025-09-15 13:43:04.800,T00000792,792,184.62,12,B,,,
AAPL.P.XNAS,XNAS,2025-09-15 13:43:05.800,T00000793,793,182.03,34,B,,,
AAPL.P.XNAS,XNAS,2025-09-15 13:43:06.600,T00000794,794,178.9,31,B,,,
AAPL.P.XNAS,XNAS,2025-09-15 13:43:09.000,T00000795,795,185.08,16,S,,,
AAPL.P.XNAS,XNAS,2025-09-15 13:43:09.700,T00000796,796,182.96,12,B,,,
AAPL.P.XNAS,XNAS,2025-09-15 13:43:10.100,T00000797,797,179.8,65,S,,,
AAPL.P.XNAS,XNAS,2025-09-15 13:43:10.300,T00000798,798,179.3,14,B,,,
AAPL.P.XNAS,XNAS,2025-09-15 13:43:10.400,T00000799,799,178.24,11,S,,,
AAPL.P.XNAS,XNAS,2025-09-15 13:43:11.100,T00000800,800,180.78,13,B,,,
AAPL.P.XNAS,XNAS,2025-09-15 13:43:13.500,T00000801,801,183.24,11,S,,,
AAPL.P.XNAS,XNAS,2025-09-15 13:43:17.200,T00000802,802,188.46,161,B,,,
AAPL.P.XNAS,XNAS,2025-09-15 13:43:19.600,T00000803,803,189.02,25,S,,,
AAPL.P.XNAS,XNAS,2025-09-15 13:43:22.200,T00000804,804,190.79,11,B,,,
AAPL.P.XNAS,XNAS,2025-09-15 13:43:22.400,T00000805,805,188.06,13,S,,,
AAPL.P.XNAS,XNAS,2025-09-15 13:43:22.800,T00000806,806,184.1,12,B,,,
AAPL.P.XNAS,XNAS,2025-09-15 13:43:23.000,T00000807,807,182.63,30,S,,,
AAPL.P.XNAS,XNAS,2025-09-15 13:43:23.100,T00000808,808,182.23,38,S,,,
AAPL.P.XNAS,XNAS,2025-09-15 13:43:24.600,T00000809,809,186.03,40,B,,,
AAPL.P.XNAS,XNAS,2025-09-15 13:43:25.400,T00000810,810,180.78,20,B,,,
AAPL.P.XNAS,XNAS,2025-09-15 13:43:26.400,T00000811,811,179.58,23,S,,,
AAPL.P.XNAS,XNAS,2025-09-15 13:43:27.000,T00000812,812,180.47,56,S,,,
AAPL.P.XNAS,XNAS,2025-09-15 13:43:27.100,T00000813,813,181.37,20,B,,,
AAPL.P.XNAS,XNAS,2025-09-15 13:43:28.100,T00000814,814,180.77,27,S,,,
AAPL.P.XNAS,XNAS,2025-09-15 13:43:28.500,T00000815,815,180.76,27,B,,,
AAPL.P.XNAS,XNAS,2025-09-15 13:43:28.700,T00000816,816,179.27,43,B,,,
AAPL.P.XNAS,XNAS,2025-09-15 13:43:29.100,T00000817,817,178.03,17,S,,,
AAPL.P.XNAS,XNAS,2025-09-15 13:43:29.200,T00000818,818,178.89000000000001,77,B,,,
AAPL.P.XNAS,XNAS,2025-09-15 13:43:29.400,T00000819,819,178.33,17,S,,,
AAPL.P.XNAS,XNAS,2025-09-15 13:43:29.900,T00000820,820,183.08,11,B,,,
AAPL.P.XNAS,XNAS,2025-09-15 13:43:30.700,T00000821,821,175.91,18,B,,,
AAPL.P.XNAS,XNAS,2025-09-15 13:43:31.200,T00000822,822,175.59,17,S,,,
AAPL.P.XNAS,XNAS,2025-09-15 13:43:31.500,T00000823,823,172.54,11,S,,,
AAPL.P.XNAS,XNAS,2025-09-15 13:43:34.100,T00000824,824,173.85,13,S,,,
AAPL.P.XNAS,XNAS,2025-09-15 13:43:34.700,T00000825,825,173.79,16,B,,,
AAPL.P.XNAS,XNAS,2025-09-15 13:43:35.700,T00000826,826,174.64000000000001,12,B,,,
AAPL.P.XNAS,XNAS,2025-09-15 13:43:37.100,T00000827,827,177.65,19,S,,,
AAPL.P.XNAS,XNAS,2025-09-15 13:43:37.300,T00000828,828,179.1,56,B,,,
AAPL.P.XNAS,XNAS,2025-09-15 13:43:37.700,T00000829,829,180.51,11,B,,,
AAPL.P.XNAS,XNAS,2025-09-15 13:43:39.000,T00000830,830,181.19,15,B,,,
AAPL.P.XNAS,XNAS,2025-09-15 13:43:40.900,T00000831,831,180.07,12,S,,,
AAPL.P.XNAS,XNAS,2025-09-15 13:43:41.200,T00000832,832,181.53,15,B,,,
AAPL.P.XNAS,XNAS,2025-09-15 13:43:44.300,T00000833,833,179.34,19,S,,,
AAPL.P.XNAS,XNAS,2025-09-15 13:43:44.800,T00000834,834,178.47,11,S,,,
AAPL.P.XNAS,XNAS,2025-09-15 13:43:45.200,T00000835,835,180.65,22,S,,,
AAPL.P.XNAS,XNAS,2025-09-15 13:43:47.900,T00000836,836,179.78,58,S,,,
AAPL.P.XNAS,XNAS,2025-09-15 13:43:49.200,T00000837,837,178.95000000000002,43,B,,,
AAPL.P.XNAS,XNAS,2025-09-15 13:43:49.300,T00000838,838,179.64000000000001,14,B,,,
AAPL.P.XNAS,XNAS,2025-09-15 13:43:49.700,T00000839,839,184.66,43,S,,,
AAPL.P.XNAS,XNAS,2025-09-15 13:43:51.500,T00000840,840,187.35,52,S,,,
AAPL.P.XNAS,XNAS,2025-09-15 13:43:51.700,T00000841,841,187.64000000000001,10,S,,,
AAPL.P.XNAS,XNAS,2025-09-15 13:43:52.500,T00000842,842,186.68,53,S,,,
AAPL.P.XNAS,XNAS,2025-09-15 13:43:54.200,T00000843,843,186.67000000000002,12,S,,,
AAPL.P.XNAS,XNAS,2025-09-15 13:43:54.800,T00000844,844,185.79,15,B,,,
AAPL.P.XNAS,XNAS,2025-09-15 13:43:55.600,T00000845,845,188.57,12,S,,,
AAPL.P.XNAS,XNAS,2025-09-15 13:43:56.300,T00000846,846,185.68,10,S,,,
AAPL.P.XNAS,XNAS,2025-09-15 13:43:56.500,T00000847,847,185.94,11,S,,,
AAPL.P.XNAS,XNAS,2025-09-15 13:43:57.300,T00000848,848,187.03,53,B,,,
AAPL.P.XNAS,XNAS,2025-09-15 13:43:58.300,T00000849,849,183.45000000000002,11,B,,,
AAPL.P.XNAS,XNAS,2025-09-15 13:43:59.700,T00000850,850,184.94,34,B,,,
AAPL.P.XNAS,XNAS,2025-09-15 13:44:00.600,T00000851,851,185.46,28,S,,,
AAPL.P.XNAS,XNAS,2025-09-15 13:44:00.800,T00000852,852,185.61,12,S,,,
AAPL.P.XNAS,XNAS,2025-09-15 13:44:01.400,T00000853,853,184.78,57,B,,,
AAPL.P.XNAS,XNAS,2025-09-15 13:44:01.600,T00000854,854,184.42000000000002,26,B,,,
AAPL.P.XNAS,XNAS,2025-09-15 13:44:02.000,T00000855,855,183.23,13,S,,,
AAPL.P.XNAS,XNAS,2025-09-15 13:44:02.800,T00000856,856,183.1,13,S,,,
AAPL.P.XNAS,XNAS,2025-09-15 13:44:03.400,T00000857,857,180.51,13,B,,,
AAPL.P.XNAS,XNAS,2025-09-15 13:44:04.000,T00000858,858,181.13,25,B,,,
AAPL.P.XNAS,XNAS,2025-09-15 13:44:06.600,T00000859,859,178.18,10,S,,,
AAPL.P.XNAS,XNAS,2025-09-15 13:44:06.800,T00000860,860,180.07,98,B,,,
AAPL.P.XNAS,XNAS,2025-09-15 13:44:07.400,T00000861,861,178.74,30,S,,,
AAPL.P.XNAS,XNAS,2025-09-15 13:44:07.500,T00000862,862,179.15,6,S,,,
AAPL.P.XNAS,XNAS,2025-09-15 13:44:07.800,T00000863,863,177.53,15,S,,,
AAPL.P.XNAS,XNAS,2025-09-15 13:44:08.400,T00000864,864,178.65,19,S,,,
AAPL.P.XNAS,XNAS,2025-09-15 13:44:09.200,T00000865,865,180.62,15,S,,,
AAPL.P.XNAS,XNAS,2025-09-15 13:44:10.000,T00000866,866,180.85,16,B,,,
AAPL.P.XNAS,XNAS,2025-09-15 13:44:13.200,T00000867,867,178.17000000000002,12,S,,,
AAPL.P.XNAS,XNAS,2025-09-15 13:44:13.600,T00000868,868,181.52,47,S,,,
AAPL.P.XNAS,XNAS,2025-09-15 13:44:14.600,T00000869,869,183.68,20,S,,,
AAPL.P.XNAS,XNAS,2025-09-15 13:44:16.000,T00000870,870,185.68,20,B,,,
AAPL.P.XNAS,XNAS,2025-09-15 13:44:16.200,T00000871,871,185.79,12,B,,,
AAPL.P.XNAS,XNAS,2025-09-15 13:44:17.400,T00000872,872,185.48,10,B,,,
AAPL.P.XNAS,XNAS,2025-09-15 13:44:17.700,T00000873,873,185.41,20,S,,,
AAPL.P.XNAS,XNAS,2025-09-15 13:44:18.300,T00000874,874,181.06,31,B,,,
AAPL.P.XNAS,XNAS,2025-09-15 13:44:19.200,T00000875,875,180.42000000000002,25,S,,,
AAPL.P.XNAS,XNAS,2025-09-15 13:44:20.000,T00000876,876,181.71,47,S,,,
AAPL.P.XNAS,XNAS,2025-09-15 13:44:20.700,T00000877,877,183.34,47,S,,,
AAPL.P.XNAS,XNAS,2025-09-15 13:44:21.200,T00000878,878,182.07,84,B,,,
AAPL.P.XNAS,XNAS,2025-09-15 13:44:21.800,T00000879,879,180.52,18,B,,,
AAPL.P.XNAS,XNAS,2025-09-15 13:44:22.100,T00000880,880,181.75,20,B,,,
AAPL.P.XNAS,XNAS,2025-09-15 13:44:23.000,T00000881,881,184.20000000000002,51,S,,,
AAPL.P.XNAS,XNAS,2025-09-15 13:44:23.500,T00000882,882,184.0,21,B,,,
AAPL.P.XNAS,XNAS,2025-09-15 13:44:23.700,T00000883,883,183.99,11,B,,,
AAPL.P.XNAS,XNAS,2025-09-15 13:44:23.800,T00000884,884,182.87,34,S,,,
AAPL.P.XNAS,XNAS,2025-09-15 13:44:24.400,T00000885,885,184.46,41,B,,,
AAPL.P.XNAS,XNAS,2025-09-15 13:44:25.000,T00000886,886,179.92000000000002,11,S,,,
AAPL.P.XNAS,XNAS,2025-09-15 13:44:26.100,T00000887,887,182.93,21,B,,,
AAPL.P.XNAS,XNAS,2025-09-15 13:44:26.500,T00000888,888,183.33,14,S,,,
AAPL.P.XNAS,XNAS,2025-09-15 13:44:26.600,T00000889,889,184.11,11,B,,,
AAPL.P.XNAS,XNAS,2025-09-15 13:44:27.400,T00000890,890,186.54,20,B,,,
AAPL.P.XNAS,XNAS,2025-09-15 13:44:28.200,T00000891,891,184.97,6,B,,,
AAPL.P.XNAS,XNAS,2025-09-15 13:44:30.400,T00000892,892,186.92000000000002,20,B,,,
AAPL.P.XNAS,XNAS,2025-09-15 13:44:31.100,T00000893,893,189.02,57,B,,,
AAPL.P.XNAS,XNAS,2025-09-15 13:44:32.200,T00000894,894,187.79,14,S,,,
AAPL.P.XNAS,XNAS,2025-09-15 13:44:33.000,T00000895,895,190.47,17,S,,,
AAPL.P.XNAS,XNAS,2025-09-15 13:44:33.800,T00000896,896,185.84,14,B,,,
AAPL.P.XNAS,XNAS,2025-09-15 13:44:34.100,T00000897,897,184.85,11,S,,,
AAPL.P.XNAS,XNAS,2025-09-15 13:44:34.900,T00000898,898,185.39000000000001,35,S,,,
AAPL.P.XNAS,XNAS,2025-09-15 13:44:35.000,T00000899,899,185.1,48,S,,,
AAPL.P.XNAS,XNAS,2025-09-15 13:44:37.000,T00000900,900,187.1,15,B,,,
AAPL.P.XNAS,XNAS,2025-09-15 13:44:37.200,T00000901,901,187.93,26,B,,,
AAPL.P.XNAS,XNAS,2025-09-15 13:44:37.500,T00000902,902,188.73,31,B,,,
AAPL.P.XNAS,XNAS,2025-09-15 13:44:37.800,T00000903,903,187.92000000000002,13,B,,,
AAPL.P.XNAS,XNAS,2025-09-15 13:44:38.000,T00000904,904,188.43,57,S,,,
AAPL.P.XNAS,XNAS,2025-09-15 13:44:40.100,T00000905,905,183.23,58,S,,,
AAPL.P.XNAS,XNAS,2025-09-15 13:44:41.300,T00000906,906,182.39000000000001,19,B,,,
AAPL.P.XNAS,XNAS,2025-09-15 13:44:42.600,T00000907,907,183.82,53,S,,,
AAPL.P.XNAS,XNAS,2025-09-15 13:44:43.300,T00000908,908,181.15,16,B,,,
AAPL.P.XNAS,XNAS,2025-09-15 13:44:43.500,T00000909,909,182.45000000000002,50,S,,,
AAPL.P.XNAS,XNAS,2025-09-15 13:44:43.900,T00000910,910,182.04,16,B,,,
AAPL.P.XNAS,XNAS,2025-09-15 13:44:44.200,T00000911,911,182.39000000000001,11,S,,,
AAPL.P.XNAS,XNAS,2025-09-15 13:44:45.500,T00000912,912,179.29,12,B,,,
AAPL.P.XNAS,XNAS,2025-09-15 13:44:46.600,T00000913,913,176.70000000000002,79,B,,,
AAPL.P.XNAS,XNAS,2025-09-15 13:44:46.700,T00000914,914,177.01,21,B,,,
AAPL.P.XNAS,XNAS,2025-09-15 13:44:47.900,T00000915,915,174.56,10,B,,,
AAPL.P.XNAS,XNAS,2025-09-15 13:44:48.700,T00000916,916,175.26,80,S,,,
AAPL.P.XNAS,XNAS,2025-09-15 13:44:49.700,T00000917,917,175.51,19,B,,,
AAPL.P.XNAS,XNAS,2025-09-15 13:44:50.800,T00000918,918,173.84,12,S,,,
AAPL.P.XNAS,XNAS,2025-09-15 13:44:52.300,T00000919,919,176.16,15,S,,,
AAPL.P.XNAS,XNAS,2025-09-15 13:44:55.300,T00000920,920,177.38,12,S,,,
AAPL.P.XNAS,XNAS,2025-09-15 13:44:55.700,T00000921,921,176.76,11,S,,,
AAPL.P.XNAS,XNAS,2025-09-15 13:44:55.900,T00000922,922,177.48,15,B,,,
AAPL.P.XNAS,XNAS,2025-09-15 13:44:56.900,T00000923,923,177.54,33,S,,,
AAPL.P.XNAS,XNAS,2025-09-15 13:44:57.400,T00000924,924,180.44,11,S,,,
AAPL.P.XNAS,XNAS,2025-09-15 13:44:58.400,T00000925,925,182.39000000000001,13,S,,,
AAPL.P.XNAS,XNAS,2025-09-15 13:45:00.300,T00000926,926,187.44,13,B,,,
AAPL.P.XNAS,XNAS,2025-09-15 13:45:02.700,T00000927,927,181.78,50,B,,,
AAPL.P.XNAS,XNAS,2025-09-15 13:45:03.100,T00000928,928,182.17000000000002,20,S,,,
AAPL.P.XNAS,XNAS,2025-09-15 13:45:05.600,T00000929,929,179.20000000000002,19,S,,,
AAPL.P.XNAS,XNAS,2025-09-15 13:45:06.400,T00000930,930,178.48,14,S,,,
AAPL.P.XNAS,XNAS,2025-09-15 13:45:06.700,T00000931,931,177.86,35,S,,,
AAPL.P.XNAS,XNAS,2025-09-15 13:45:07.800,T00000932,932,182.37,14,B,,,
AAPL.P.XNAS,XNAS,2025-09-15 13:45:08.400,T00000933,933,181.38,20,B,,,
AAPL.P.XNAS,XNAS,2025-09-15 13:45:08.600,T00000934,934,182.09,98,S,,,
AAPL.P.XNAS,XNAS,2025-09-15 13:45:08.700,T00000935,935,183.92000000000002,14,B,,,
AAPL.P.XNAS,XNAS,2025-09-15 13:45:09.400,T00000936,936,184.97,11,B,,,
AAPL.P.XNAS,XNAS,2025-09-15 13:45:09.700,T00000937,937,184.71,22,S,,,
AAPL.P.XNAS,XNAS,2025-09-15 13:45:10.700,T00000938,938,184.70000000000002,17,S,,,
AAPL.P.XNAS,XNAS,2025-09-15 13:45:10.900,T00000939,939,186.23000000000002,42,S,,,
AAPL.P.XNAS,XNAS,2025-09-15 13:45:11.000,T00000940,940,186.63,12,B,,,
AAPL.P.XNAS,XNAS,2025-09-15 13:45:11.800,T00000941,941,191.12,13,B,,,
AAPL.P.XNAS,XNAS,2025-09-15 13:45:12.500,T00000942,942,189.24,31,B,,,
AAPL.P.XNAS,XNAS,2025-09-15 13:45:13.000,T00000943,943,189.8,21,B,,,
AAPL.P.XNAS,XNAS,2025-09-15 13:45:16.600,T00000944,944,190.67000000000002,69,S,,,
AAPL.P.XNAS,XNAS,2025-09-15 13:45:16.900,T00000945,945,188.64000000000001,12,B,,,
AAPL.P.XNAS,XNAS,2025-09-15 13:45:18.500,T00000946,946,185.4,15,S,,,
AAPL.P.XNAS,XNAS,2025-09-15 13:45:18.600,T00000947,947,185.36,32,B,,,
AAPL.P.XNAS,XNAS,2025-09-15 13:45:19.500,T00000948,948,182.67000000000002,22,B,,,
AAPL.P.XNAS,XNAS,2025-09-15 13:45:20.300,T00000949,949,181.68,17,S,,,
AAPL.P.XNAS,XNAS,2025-09-15 13:45:21.800,T00000950,950,180.87,12,B,,,
AAPL.P.XNAS,XNAS,2025-09-15 13:45:22.400,T00000951,951,179.26,29,S,,,
AAPL.P.XNAS,XNAS,2025-09-15 13:45:26.100,T00000952,952,172.11,12,S,,,
AAPL.P.XNAS,XNAS,2025-09-15 13:45:27.400,T00000953,953,176.17000000000002,15,B,,,
AAPL.P.XNAS,XNAS,2025-09-15 13:45:28.800,T00000954,954,174.15,27,S,,,
AAPL.P.XNAS,XNAS,2025-09-15 13:45:29.000,T00000955,955,175.20000000000002,17,B,,,
AAPL.P.XNAS,XNAS,2025-09-15 13:45:29.700,T00000956,956,174.6,38,S,,,
AAPL.P.XNAS,XNAS,2025-09-15 13:45:30.000,T00000957,957,173.46,10,S,,,
AAPL.P.XNAS,XNAS,2025-09-15 13:45:30.900,T00000958,958,177.2,33,B,,,
AAPL.P.XNAS,XNAS,2025-09-15 13:45:31.600,T00000959,959,178.5,37,B,,,
AAPL.P.XNAS,XNAS,2025-09-15 13:45:32.500,T00000960,960,173.21,21,S,,,
AAPL.P.XNAS,XNAS,2025-09-15 13:45:33.000,T00000961,961,174.97,12,S,,,
AAPL.P.XNAS,XNAS,2025-09-15 13:45:34.200,T00000962,962,177.5,11,B,,,
AAPL.P.XNAS,XNAS,2025-09-15 13:45:34.700,T00000963,963,179.4,13,B,,,
AAPL.P.XNAS,XNAS,2025-09-15 13:45:35.400,T00000964,964,180.26,16,B,,,
AAPL.P.XNAS,XNAS,2025-09-15 13:45:35.700,T00000965,965,179.47,11,B,,,
AAPL.P.XNAS,XNAS,2025-09-15 13:45:39.200,T00000966,966,180.67000000000002,34,B,,,
AAPL.P.XNAS,XNAS,2025-09-15 13:45:39.600,T00000967,967,181.18,14,B,,,
AAPL.P.XNAS,XNAS,2025-09-15 13:45:39.900,T00000968,968,180.75,27,S,,,
AAPL.P.XNAS,XNAS,2025-09-15 13:45:40.300,T00000969,969,180.13,11,S,,,
AAPL.P.XNAS,XNAS,2025-09-15 13:45:41.500,T00000970,970,179.81,8,B,,,
AAPL.P.XNAS,XNAS,2025-09-15 13:45:42.600,T00000971,971,182.19,19,S,,,
AAPL.P.XNAS,XNAS,2025-09-15 13:45:43.100,T00000972,972,181.66,15,B,,,
AAPL.P.XNAS,XNAS,2025-09-15 13:45:44.100,T00000973,973,179.25,19,S,,,
AAPL.P.XNAS,XNAS,2025-09-15 13:45:45.200,T00000974,974,177.78,27,S,,,
AAPL.P.XNAS,XNAS,2025-09-15 13:45:45.600,T00000975,975,177.72,13,B,,,
AAPL.P.XNAS,XNAS,2025-09-15 13:45:46.300,T00000976,976,179.46,14,S,,,
AAPL.P.XNAS,XNAS,2025-09-15 13:45:47.000,T00000977,977,178.21,12,B,,,
AAPL.P.XNAS,XNAS,2025-09-15 13:45:47.600,T00000978,978,176.32,19,B,,,
AAPL.P.XNAS,XNAS,2025-09-15 13:45:47.900,T00000979,979,178.17000000000002,17,B,,,
AAPL.P.XNAS,XNAS,2025-09-15 13:45:50.600,T00000980,980,183.33,24,B,,,
AAPL.P.XNAS,XNAS,2025-09-15 13:45:55.500,T00000981,981,182.88,15,S,,,
AAPL.P.XNAS,XNAS,2025-09-15 13:45:56.000,T00000982,982,183.04,15,B,,,
AAPL.P.XNAS,XNAS,2025-09-15 13:45:56.400,T00000983,983,183.54,62,S,,,
AAPL.P.XNAS,XNAS,2025-09-15 13:45:59.000,T00000984,984,177.55,22,B,,,
AAPL.P.XNAS,XNAS,2025-09-15 13:45:59.200,T00000985,985,178.1,10,B,,,
AAPL.P.XNAS,XNAS,2025-09-15 13:45:59.600,T00000986,986,179.84,48,S,,,
AAPL.P.XNAS,XNAS,2025-09-15 13:46:02.300,T00000987,987,177.21,15,S,,,
AAPL.P.XNAS,XNAS,2025-09-15 13:46:03.700,T00000988,988,179.38,27,B,,,
AAPL.P.XNAS,XNAS,2025-09-15 13:46:04.200,T00000989,989,178.87,25,B,,,
AAPL.P.XNAS,XNAS,2025-09-15 13:46:06.000,T00000990,990,184.02,26,S,,,
AAPL.P.XNAS,XNAS,2025-09-15 13:46:06.300,T00000991,991,183.77,98,S,,,
AAPL.P.XNAS,XNAS,2025-09-15 13:46:06.600,T00000992,992,184.49,23,B,,,
AAPL.P.XNAS,XNAS,2025-09-15 13:46:07.900,T00000993,993,183.68,84,S,,,
AAPL.P.XNAS,XNAS,2025-09-15 13:46:09.300,T00000994,994,182.06,16,B,,,
AAPL.P.XNAS,XNAS,2025-09-15 13:46:09.400,T00000995,995,181.74,35,S,,,
AAPL.P.XNAS,XNAS,2025-09-15 13:46:09.500,T00000996,996,181.51,18,S,,,
AAPL.P.XNAS,XNAS,2025-09-15 13:46:09.700,T00000997,997,180.92000000000002,13,S,,,
AAPL.P.XNAS,XNAS,2025-09-15 13:46:09.900,T00000998,998,182.44,11,S,,,
AAPL.P.XNAS,XNAS,2025-09-15 13:46:12.600,T00000999,999,178.68,32,S,,,
AAPL.P.XNAS,XNAS,2025-09-15 13:46:14.700,T00001000,1000,178.32,28,S,,,
AAPL.P.XNAS,XNAS,2025-09-15 13:46:15.500,T00001001,1001,176.85,43,B,,,
AAPL.P.XNAS,XNAS,2025-09-15 13:46:16.500,T00001002,1002,176.55,25,B,,,
AAPL.P.XNAS,XNAS,2025-09-15 13:46:18.300,T00001003,1003,175.32,26,S,,,
AAPL.P.XNAS,XNAS,2025-09-15 13:46:18.700,T00001004,1004,175.01,13,B,,,
AAPL.P.XNAS,XNAS,2025-09-15 13:46:19.500,T00001005,1005,174.92000000000002,43,S,,,
AAPL.P.XNAS,XNAS,2025-09-15 13:46:19.700,T00001006,1006,176.16,8,B,,,
AAPL.P.XNAS,XNAS,2025-09-15 13:46:21.500,T00001007,1007,177.25,11,S,,,
AAPL.P.XNAS,XNAS,2025-09-15 13:46:21.700,T00001008,1008,177.62,32,S,,,
AAPL.P.XNAS,XNAS,2025-09-15 13:46:22.300,T00001009,1009,177.77,15,S,,,
AAPL.P.XNAS,XNAS,2025-09-15 13:46:22.500,T00001010,1010,177.33,36,S,,,
AAPL.P.XNAS,XNAS,2025-09-15 13:46:23.300,T00001011,1011,172.67000000000002,12,S,,,
AAPL.P.XNAS,XNAS,2025-09-15 13:46:23.900,T00001012,1012,176.65,47,S,,,
AAPL.P.XNAS,XNAS,2025-09-15 13:46:26.300,T00001013,1013,177.96,25,B,,,
AAPL.P.XNAS,XNAS,2025-09-15 13:46:28.100,T00001014,1014,179.37,21,S,,,
AAPL.P.XNAS,XNAS,2025-09-15 13:46:28.300,T00001015,1015,178.14000000000001,10,S,,,
AAPL.P.XNAS,XNAS,2025-09-15 13:46:29.600,T00001016,1016,178.0,12,B,,,
AAPL.P.XNAS,XNAS,2025-09-15 13:46:30.100,T00001017,1017,180.54,10,B,,,
AAPL.P.XNAS,XNAS,2025-09-15 13:46:31.100,T00001018,1018,184.36,31,B,,,
AAPL.P.XNAS,XNAS,2025-09-15 13:46:31.200,T00001019,1019,185.04,20,S,,,
AAPL.P.XNAS,XNAS,2025-09-15 13:46:31.800,T00001020,1020,186.14000000000001,91,S,,,
AAPL.P.XNAS,XNAS,2025-09-15 13:46:32.000,T00001021,1021,185.92000000000002,15,S,,,
AAPL.P.XNAS,XNAS,2025-09-15 13:46:32.600,T00001022,1022,183.85,26,S,,,
AAPL.P.XNAS,XNAS,2025-09-15 13:46:33.200,T00001023,1023,182.41,13,S,,,
AAPL.P.XNAS,XNAS,2025-09-15 13:46:35.500,T00001024,1024,180.89000000000001,16,S,,,
AAPL.P.XNAS,XNAS,2025-09-15 13:46:37.600,T00001025,1025,183.02,23,S,,,
AAPL.P.XNAS,XNAS,2025-09-15 13:46:37.800,T00001026,1026,183.58,44,S,,,
AAPL.P.XNAS,XNAS,2025-09-15 13:46:39.900,T00001027,1027,177.76,25,B,,,
AAPL.P.XNAS,XNAS,2025-09-15 13:46:40.000,T00001028,1028,178.35,57,B,,,
AAPL.P.XNAS,XNAS,2025-09-15 13:46:40.600,T00001029,1029,177.7,47,B,,,
AAPL.P.XNAS,XNAS,2025-09-15 13:46:40.800,T00001030,1030,177.86,20,S,,,
AAPL.P.XNAS,XNAS,2025-09-15 13:46:43.600,T00001031,1031,181.71,12,B,,,
AAPL.P.XNAS,XNAS,2025-09-15 13:46:44.600,T00001032,1032,182.25,4,S,,,
AAPL.P.XNAS,XNAS,2025-09-15 13:46:44.700,T00001033,1033,182.68,22,B,,,
AAPL.P.XNAS,XNAS,2025-09-15 13:46:44.900,T00001034,1034,183.11,11,S,,,
AAPL.P.XNAS,XNAS,2025-09-15 13:46:46.400,T00001035,1035,180.59,10,S,,,
AAPL.P.XNAS,XNAS,2025-09-15 13:46:47.200,T00001036,1036,178.19,21,S,,,
AAPL.P.XNAS,XNAS,2025-09-15 13:46:47.700,T00001037,1037,179.46,29,S,,,
AAPL.P.XNAS,XNAS,2025-09-15 13:46:48.300,T00001038,1038,178.79,46,S,,,
AAPL.P.XNAS,XNAS,2025-09-15 13:46:49.800,T00001039,1039,178.94,13,B,,,
AAPL.P.XNAS,XNAS,2025-09-15 13:46:50.000,T00001040,1040,178.07,19,S,,,
AAPL.P.XNAS,XNAS,2025-09-15 13:46:50.600,T00001041,1041,176.16,25,B,,,
AAPL.P.XNAS,XNAS,2025-09-15 13:46:52.200,T00001042,1042,179.38,11,S,,,
AAPL.P.XNAS,XNAS,2025-09-15 13:46:52.800,T00001043,1043,176.58,20,B,,,
AAPL.P.XNAS,XNAS,2025-09-15 13:46:53.200,T00001044,1044,175.26,71,S,,,
AAPL.P.XNAS,XNAS,2025-09-15 13:46:53.600,T00001045,1045,173.35,52,S,,,
AAPL.P.XNAS,XNAS,2025-09-15 13:46:54.100,T00001046,1046,171.09,30,B,,,
AAPL.P.XNAS,XNAS,2025-09-15 13:46:54.800,T00001047,1047,171.4,46,S,,,
AAPL.P.XNAS,XNAS,2025-09-15 13:46:55.500,T00001048,1048,168.54,69,B,,,
AAPL.P.XNAS,XNAS,2025-09-15 13:46:55.800,T00001049,1049,168.41,77,S,,,
AAPL.P.XNAS,XNAS,2025-09-15 13:46:57.400,T00001050,1050,172.82,36,B,,,
AAPL.P.XNAS,XNAS,2025-09-15 13:46:59.100,T00001051,1051,177.46,11,S,,,
AAPL.P.XNAS,XNAS,2025-09-15 13:47:01.500,T00001052,1052,181.05,21,B,,,
AAPL.P.XNAS,XNAS,2025-09-15 13:47:01.700,T00001053,1053,180.98999999999998,11,B,,,
AAPL.P.XNAS,XNAS,2025-09-15 13:47:02.700,T00001054,1054,180.92000000000002,70,S,,,
AAPL.P.XNAS,XNAS,2025-09-15 13:47:04.600,T00001055,1055,179.39000000000001,12,S,,,
AAPL.P.XNAS,XNAS,2025-09-15 13:47:04.900,T00001056,1056,179.62,14,B,,,
AAPL.P.XNAS,XNAS,2025-09-15 13:47:05.100,T00001057,1057,179.18,11,B,,,
AAPL.P.XNAS,XNAS,2025-09-15 13:47:05.900,T00001058,1058,178.73,15,S,,,
AAPL.P.XNAS,XNAS,2025-09-15 13:47:06.900,T00001059,1059,180.37,34,S,,,
AAPL.P.XNAS,XNAS,2025-09-15 13:47:07.000,T00001060,1060,180.87,18,B,,,
AAPL.P.XNAS,XNAS,2025-09-15 13:47:08.500,T00001061,1061,185.07999999999998,40,B,,,
AAPL.P.XNAS,XNAS,2025-09-15 13:47:10.900,T00001062,1062,181.86,19,S,,,
AAPL.P.XNAS,XNAS,2025-09-15 13:47:12.100,T00001063,1063,184.74,23,S,,,
AAPL.P.XNAS,XNAS,2025-09-15 13:47:12.700,T00001064,1064,184.62,10,S,,,
AAPL.P.XNAS,XNAS,2025-09-15 13:47:13.500,T00001065,1065,186.35,19,S,,,
AAPL.P.XNAS,XNAS,2025-09-15 13:47:14.000,T00001066,1066,185.20000000000002,11,B,,,
AAPL.P.XNAS,XNAS,2025-09-15 13:47:16.400,T00001067,1067,181.03,16,S,,,
AAPL.P.XNAS,XNAS,2025-09-15 13:47:16.500,T00001068,1068,180.23,77,S,,,
AAPL.P.XNAS,XNAS,2025-09-15 13:47:17.000,T00001069,1069,180.83,45,B,,,
AAPL.P.XNAS,XNAS,2025-09-15 13:47:20.600,T00001070,1070,183.02,46,B,,,
AAPL.P.XNAS,XNAS,2025-09-15 13:47:20.900,T00001071,1071,183.37,16,B,,,
AAPL.P.XNAS,XNAS,2025-09-15 13:47:21.600,T00001072,1072,181.9,26,B,,,
AAPL.P.XNAS,XNAS,2025-09-15 13:47:22.400,T00001073,1073,184.70000000000002,11,S,,,
AAPL.P.XNAS,XNAS,2025-09-15 13:47:22.700,T00001074,1074,184.11,22,S,,,
AAPL.P.XNAS,XNAS,2025-09-15 13:47:24.300,T00001075,1075,182.42000000000002,10,B,,,
AAPL.P.XNAS,XNAS,2025-09-15 13:47:27.200,T00001076,1076,182.85,15,B,,,
AAPL.P.XNAS,XNAS,2025-09-15 13:47:28.000,T00001077,1077,182.88,3,B,,,
AAPL.P.XNAS,XNAS,2025-09-15 13:47:29.600,T00001078,1078,179.1,7,B,,,
AAPL.P.XNAS,XNAS,2025-09-15 13:47:29.700,T00001079,1079,177.75,19,S,,,
AAPL.P.XNAS,XNAS,2025-09-15 13:47:30.900,T00001080,1080,181.31,27,S,,,
AAPL.P.XNAS,XNAS,2025-09-15 13:47:31.500,T00001081,1081,178.51,22,B,,,
AAPL.P.XNAS,XNAS,2025-09-15 13:47:32.400,T00001082,1082,178.16,18,S,,,
AAPL.P.XNAS,XNAS,2025-09-15 13:47:32.500,T00001083,1083,178.46,11,B,,,
AAPL.P.XNAS,XNAS,2025-09-15 13:47:33.700,T00001084,1084,178.19,16,B,,,
AAPL.P.XNAS,XNAS,2025-09-15 13:47:34.000,T00001085,1085,177.4,14,B,,,
AAPL.P.XNAS,XNAS,2025-09-15 13:47:34.400,T00001086,1086,174.11,105,S,,,
AAPL.P.XNAS,XNAS,2025-09-15 13:47:35.000,T00001087,1087,176.26,25,B,,,
AAPL.P.XNAS,XNAS,2025-09-15 13:47:35.600,T00001088,1088,172.23,13,B,,,
AAPL.P.XNAS,XNAS,2025-09-15 13:47:35.700,T00001089,1089,172.57999999999998,12,B,,,
AAPL.P.XNAS,XNAS,2025-09-15 13:47:36.100,T00001090,1090,173.42000000000002,50,S,,,
AAPL.P.XNAS,XNAS,2025-09-15 13:47:36.300,T00001091,1091,174.27,13,B,,,
AAPL.P.XNAS,XNAS,2025-09-15 13:47:36.600,T00001092,1092,175.13,11,B,,,
AAPL.P.XNAS,XNAS,2025-09-15 13:47:37.100,T00001093,1093,176.41,31,S,,,
AAPL.P.XNAS,XNAS,2025-09-15 13:47:38.800,T00001094,1094,174.06,11,B,,,
AAPL.P.XNAS,XNAS,2025-09-15 13:47:39.300,T00001095,1095,173.85,16,S,,,
AAPL.P.XNAS,XNAS,2025-09-15 13:47:42.000,T00001096,1096,177.81,24,S,,,
AAPL.P.XNAS,XNAS,2025-09-15 13:47:42.700,T00001097,1097,181.57,10,B,,,
AAPL.P.XNAS,XNAS,2025-09-15 13:47:43.400,T00001098,1098,182.49,65,S,,,
AAPL.P.XNAS,XNAS,2025-09-15 13:47:44.600,T00001099,1099,179.73,91,B,,,
AAPL.P.XNAS,XNAS,2025-09-15 13:47:45.100,T00001100,1100,179.81,41,S,,,
AAPL.P.XNAS,XNAS,2025-09-15 13:47:45.300,T00001101,1101,179.76,12,B,,,
AAPL.P.XNAS,XNAS,2025-09-15 13:47:45.900,T00001102,1102,180.04,23,B,,,
AAPL.P.XNAS,XNAS,2025-09-15 13:47:46.500,T00001103,1103,180.4,28,B,,,
AAPL.P.XNAS,XNAS,2025-09-15 13:47:47.000,T00001104,1104,181.33,20,S,,,
AAPL.P.XNAS,XNAS,2025-09-15 13:47:47.400,T00001105,1105,180.43,12,B,,,
AAPL.P.XNAS,XNAS,2025-09-15 13:47:48.000,T00001106,1106,180.12,26,B,,,
AAPL.P.XNAS,XNAS,2025-09-15 13:47:48.100,T00001107,1107,179.43,28,B,,,
AAPL.P.XNAS,XNAS,2025-09-15 13:47:49.600,T00001108,1108,178.17000000000002,29,S,,,
AAPL.P.XNAS,XNAS,2025-09-15 13:47:49.900,T00001109,1109,181.75,12,B,,,
AAPL.P.XNAS,XNAS,2025-09-15 13:47:50.400,T00001110,1110,180.79,18,B,,,
AAPL.P.XNAS,XNAS,2025-09-15 13:47:50.500,T00001111,1111,181.27,39,B,,,
AAPL.P.XNAS,XNAS,2025-09-15 13:47:51.500,T00001112,1112,179.05,12,B,,,
AAPL.P.XNAS,XNAS,2025-09-15 13:47:52.800,T00001113,1113,176.77,16,B,,,
AAPL.P.XNAS,XNAS,2025-09-15 13:47:53.300,T00001114,1114,172.76,15,S,,,
AAPL.P.XNAS,XNAS,2025-09-15 13:47:53.600,T00001115,1115,169.01,15,S,,,
AAPL.P.XNAS,XNAS,2025-09-15 13:47:54.200,T00001116,1116,169.89000000000001,20,B,,,
AAPL.P.XNAS,XNAS,2025-09-15 13:47:54.900,T00001117,1117,168.74,29,B,,,
AAPL.P.XNAS,XNAS,2025-09-15 13:47:56.200,T00001118,1118,169.32,12,B,,,
AAPL.P.XNAS,XNAS,2025-09-15 13:47:56.300,T00001119,1119,169.14000000000001,22,S,,,
AAPL.P.XNAS,XNAS,2025-09-15 13:47:59.200,T00001120,1120,178.38,32,B,,,
AAPL.P.XNAS,XNAS,2025-09-15 13:47:59.400,T00001121,1121,178.79,81,S,,,
AAPL.P.XNAS,XNAS,2025-09-15 13:48:00.500,T00001122,1122,179.77,18,B,,,
AAPL.P.XNAS,XNAS,2025-09-15 13:48:01.300,T00001123,1123,178.24,11,S,,,
AAPL.P.XNAS,XNAS,2025-09-15 13:48:01.500,T00001124,1124,178.08,14,S,,,
AAPL.P.XNAS,XNAS,2025-09-15 13:48:02.000,T00001125,1125,179.65,10,S,,,
AAPL.P.XNAS,XNAS,2025-09-15 13:48:02.300,T00001126,1126,177.46,12,S,,,
AAPL.P.XNAS,XNAS,2025-09-15 13:48:02.800,T00001127,1127,176.86,21,B,,,
AAPL.P.XNAS,XNAS,2025-09-15 13:48:03.100,T00001128,1128,177.32,43,B,,,
AAPL.P.XNAS,XNAS,2025-09-15 13:48:04.200,T00001129,1129,174.31,15,S,,,
AAPL.P.XNAS,XNAS,2025-09-15 13:48:04.500,T00001130,1130,174.08,37,S,,,
AAPL.P.XNAS,XNAS,2025-09-15 13:48:04.600,T00001131,1131,173.99,25,S,,,
AAPL.P.XNAS,XNAS,2025-09-15 13:48:05.900,T00001132,1132,174.53,26,B,,,
AAPL.P.XNAS,XNAS,2025-09-15 13:48:06.700,T00001133,1133,174.62,14,S,,,
AAPL.P.XNAS,XNAS,2025-09-15 13:48:06.900,T00001134,1134,173.51,17,S,,,
AAPL.P.XNAS,XNAS,2025-09-15 13:48:07.200,T00001135,1135,175.71,18,B,,,
AAPL.P.XNAS,XNAS,2025-09-15 13:48:08.200,T00001136,1136,175.01,14,S,,,
AAPL.P.XNAS,XNAS,2025-09-15 13:48:08.700,T00001137,1137,176.13,29,S,,,
AAPL.P.XNAS,XNAS,2025-09-15 13:48:09.400,T00001138,1138,178.45000000000002,24,B,,,
AAPL.P.XNAS,XNAS,2025-09-15 13:48:09.700,T00001139,1139,177.20000000000002,14,B,,,
AAPL.P.XNAS,XNAS,2025-09-15 13:48:09.900,T00001140,1140,176.12,27,B,,,
AAPL.P.XNAS,XNAS,2025-09-15 13:48:11.200,T00001141,1141,172.3,19,B,,,
AAPL.P.XNAS,XNAS,2025-09-15 13:48:12.600,T00001142,1142,171.68,20,B,,,
AAPL.P.XNAS,XNAS,2025-09-15 13:48:14.200,T00001143,1143,168.35999999999999,22,B,,,
AAPL.P.XNAS,XNAS,2025-09-15 13:48:16.400,T00001144,1144,170.04,11,B,,,
AAPL.P.XNAS,XNAS,2025-09-15 13:48:18.200,T00001145,1145,174.04,40,B,,,
AAPL.P.XNAS,XNAS,2025-09-15 13:48:18.800,T00001146,1146,176.89000000000001,13,B,,,
AAPL.P.XNAS,XNAS,2025-09-15 13:48:19.900,T00001147,1147,179.33,31,B,,,
AAPL.P.XNAS,XNAS,2025-09-15 13:48:20.200,T00001148,1148,178.52,16,B,,,
AAPL.P.XNAS,XNAS,2025-09-15 13:48:20.600,T00001149,1149,180.92,40,B,,,
AAPL.P.XNAS,XNAS,2025-09-15 13:48:21.100,T00001150,1150,179.97,84,B,,,
AAPL.P.XNAS,XNAS,2025-09-15 13:48:22.600,T00001151,1151,181.28,20,S,,,
AAPL.P.XNAS,XNAS,2025-09-15 13:48:25.000,T00001152,1152,181.24,17,S,,,
AAPL.P.XNAS,XNAS,2025-09-15 13:48:25.100,T00001153,1153,182.59,11,B,,,
AAPL.P.XNAS,XNAS,2025-09-15 13:48:28.200,T00001154,1154,179.33,112,B,,,
AAPL.P.XNAS,XNAS,2025-09-15 13:48:29.200,T00001155,1155,180.23,32,S,,,
AAPL.P.XNAS,XNAS,2025-09-15 13:48:29.300,T00001156,1156,180.20000000000002,27,S,,,
AAPL.P.XNAS,XNAS,2025-09-15 13:48:30.100,T00001157,1157,180.09,19,S,,,
AAPL.P.XNAS,XNAS,2025-09-15 13:48:30.300,T00001158,1158,178.42000000000002,12,S,,,
AAPL.P.XNAS,XNAS,2025-09-15 13:48:31.200,T00001159,1159,176.82,77,B,,,
AAPL.P.XNAS,XNAS,2025-09-15 13:48:33.800,T00001160,1160,178.1,43,S,,,
AAPL.P.XNAS,XNAS,2025-09-15 13:48:35.300,T00001161,1161,177.91,18,S,,,
AAPL.P.XNAS,XNAS,2025-09-15 13:48:38.400,T00001162,1162,179.03,56,S,,,
AAPL.P.XNAS,XNAS,2025-09-15 13:48:39.200,T00001163,1163,178.15,50,S,,,
AAPL.P.XNAS,XNAS,2025-09-15 13:48:41.500,T00001164,1164,182.73,10,B,,,
AAPL.P.XNAS,XNAS,2025-09-15 13:48:42.200,T00001165,1165,183.27,25,S,,,
AAPL.P.XNAS,XNAS,2025-09-15 13:48:42.300,T00001166,1166,183.18,12,S,,,
AAPL.P.XNAS,XNAS,2025-09-15 13:48:43.200,T00001167,1167,182.98,92,S,,,
AAPL.P.XNAS,XNAS,2025-09-15 13:48:43.900,T00001168,1168,181.91,19,S,,,
AAPL.P.XNAS,XNAS,2025-09-15 13:48:45.800,T00001169,1169,182.59,13,S,,,
AAPL.P.XNAS,XNAS,2025-09-15 13:48:46.100,T00001170,1170,180.73,37,S,,,
AAPL.P.XNAS,XNAS,2025-09-15 13:48:46.200,T00001171,1171,180.32999999999998,13,B,,,
AAPL.P.XNAS,XNAS,2025-09-15 13:48:46.400,T00001172,1172,179.03,19,S,,,
AAPL.P.XNAS,XNAS,2025-09-15 13:48:47.000,T00001173,1173,183.38,21,S,,,
AAPL.P.XNAS,XNAS,2025-09-15 13:48:47.100,T00001174,1174,185.04,31,B,,,
AAPL.P.XNAS,XNAS,2025-09-15 13:48:48.800,T00001175,1175,183.76,14,S,,,
AAPL.P.XNAS,XNAS,2025-09-15 13:48:49.300,T00001176,1176,186.98,11,B,,,
AAPL.P.XNAS,XNAS,2025-09-15 13:48:49.500,T00001177,1177,186.70000000000002,20,S,,,
AAPL.P.XNAS,XNAS,2025-09-15 13:48:51.300,T00001178,1178,175.72,7,S,,,
AAPL.P.XNAS,XNAS,2025-09-15 13:48:52.000,T00001179,1179,174.70000000000002,23,S,,,
AAPL.P.XNAS,XNAS,2025-09-15 13:48:53.900,T00001180,1180,180.95000000000002,13,S,,,
AAPL.P.XNAS,XNAS,2025-09-15 13:48:59.600,T00001181,1181,178.20000000000002,15,B,,,
AAPL.P.XNAS,XNAS,2025-09-15 13:48:59.800,T00001182,1182,177.6,15,S,,,
AAPL.P.XNAS,XNAS,2025-09-15 13:49:03.400,T00001183,1183,171.93,17,S,,,
AAPL.P.XNAS,XNAS,2025-09-15 13:49:03.500,T00001184,1184,170.70000000000002,11,B,,,
AAPL.P.XNAS,XNAS,2025-09-15 13:49:03.800,T00001185,1185,171.08,11,B,,,
AAPL.P.XNAS,XNAS,2025-09-15 13:49:04.100,T00001186,1186,171.79,22,B,,,
AAPL.P.XNAS,XNAS,2025-09-15 13:49:05.300,T00001187,1187,169.05,19,B,,,
AAPL.P.XNAS,XNAS,2025-09-15 13:49:06.300,T00001188,1188,173.82,14,B,,,
AAPL.P.XNAS,XNAS,2025-09-15 13:49:07.300,T00001189,1189,175.64000000000001,53,S,,,
AAPL.P.XNAS,XNAS,2025-09-15 13:49:07.700,T00001190,1190,177.70000000000002,46,B,,,
AAPL.P.XNAS,XNAS,2025-09-15 13:49:08.800,T00001191,1191,172.36,11,S,,,
AAPL.P.XNAS,XNAS,2025-09-15 13:49:09.900,T00001192,1192,174.6,13,S,,,
AAPL.P.XNAS,XNAS,2025-09-15 13:49:10.500,T00001193,1193,178.68,27,S,,,
AAPL.P.XNAS,XNAS,2025-09-15 13:49:10.700,T00001194,1194,179.9,11,B,,,
AAPL.P.XNAS,XNAS,2025-09-15 13:49:12.900,T00001195,1195,180.1,10,S,,,
AAPL.P.XNAS,XNAS,2025-09-15 13:49:13.200,T00001196,1196,178.72,21,B,,,
AAPL.P.XNAS,XNAS,2025-09-15 13:49:14.900,T00001197,1197,184.72,27,B,,,
AAPL.P.XNAS,XNAS,2025-09-15 13:49:15.100,T00001198,1198,184.77,36,S,,,
AAPL.P.XNAS,XNAS,2025-09-15 13:49:15.200,T00001199,1199,184.65,11,S,,,
AAPL.P.XNAS,XNAS,2025-09-15 13:49:15.500,T00001200,1200,186.85,21,B,,,
AAPL.P.XNAS,XNAS,2025-09-15 13:49:17.000,T00001201,1201,184.25,77,S,,,
AAPL.P.XNAS,XNAS,2025-09-15 13:49:18.400,T00001202,1202,184.29,37,B,,,
AAPL.P.XNAS,XNAS,2025-09-15 13:49:19.000,T00001203,1203,182.93,28,B,,,
AAPL.P.XNAS,XNAS,2025-09-15 13:49:22.400,T00001204,1204,182.81,62,S,,,
AAPL.P.XNAS,XNAS,2025-09-15 13:49:23.100,T00001205,1205,186.7,19,B,,,
AAPL.P.XNAS,XNAS,2025-09-15 13:49:23.300,T00001206,1206,188.19,34,S,,,
AAPL.P.XNAS,XNAS,2025-09-15 13:49:23.500,T00001207,1207,189.12,29,S,,,
AAPL.P.XNAS,XNAS,2025-09-15 13:49:24.000,T00001208,1208,188.83,31,B,,,
AAPL.P.XNAS,XNAS,2025-09-15 13:49:25.400,T00001209,1209,191.64000000000001,12,S,,,
AAPL.P.XNAS,XNAS,2025-09-15 13:49:26.400,T00001210,1210,189.57,32,S,,,
AAPL.P.XNAS,XNAS,2025-09-15 13:49:26.500,T00001211,1211,189.51,6,S,,,
AAPL.P.XNAS,XNAS,2025-09-15 13:49:26.600,T00001212,1212,188.73,23,S,,,
AAPL.P.XNAS,XNAS,2025-09-15 13:49:26.900,T00001213,1213,188.6,154,B,,,
AAPL.P.XNAS,XNAS,2025-09-15 13:49:27.100,T00001214,1214,185.47,18,S,,,
AAPL.P.XNAS,XNAS,2025-09-15 13:49:27.300,T00001215,1215,184.21,21,S,,,
AAPL.P.XNAS,XNAS,2025-09-15 13:49:27.400,T00001216,1216,186.08,30,B,,,
AAPL.P.XNAS,XNAS,2025-09-15 13:49:27.500,T00001217,1217,184.08,29,S,,,
AAPL.P.XNAS,XNAS,2025-09-15 13:49:31.900,T00001218,1218,183.32,57,S,,,
AAPL.P.XNAS,XNAS,2025-09-15 13:49:32.200,T00001219,1219,183.58,11,S,,,
AAPL.P.XNAS,XNAS,2025-09-15 13:49:33.900,T00001220,1220,185.05,5,B,,,
AAPL.P.XNAS,XNAS,2025-09-15 13:49:34.000,T00001221,1221,185.07,47,B,,,
AAPL.P.XNAS,XNAS,2025-09-15 13:49:36.100,T00001222,1222,184.99,18,S,,,
AAPL.P.XNAS,XNAS,2025-09-15 13:49:36.500,T00001223,1223,183.96,17,S,,,
AAPL.P.XNAS,XNAS,2025-09-15 13:49:37.800,T00001224,1224,181.38,17,B,,,
AAPL.P.XNAS,XNAS,2025-09-15 13:49:38.200,T00001225,1225,179.69,60,S,,,
AAPL.P.XNAS,XNAS,2025-09-15 13:49:38.400,T00001226,1226,177.85,52,B,,,
AAPL.P.XNAS,XNAS,2025-09-15 13:49:41.100,T00001227,1227,178.58,16,S,,,
AAPL.P.XNAS,XNAS,2025-09-15 13:49:42.000,T00001228,1228,181.77,23,B,,,
AAPL.P.XNAS,XNAS,2025-09-15 13:49:42.800,T00001229,1229,182.87,13,B,,,
AAPL.P.XNAS,XNAS,2025-09-15 13:49:44.300,T00001230,1230,181.29,15,B,,,
AAPL.P.XNAS,XNAS,2025-09-15 13:49:44.400,T00001231,1231,180.75,44,S,,,
AAPL.P.XNAS,XNAS,2025-09-15 13:49:44.600,T00001232,1232,180.72,51,S,,,
AAPL.P.XNAS,XNAS,2025-09-15 13:49:45.300,T00001233,1233,180.09,11,B,,,
AAPL.P.XNAS,XNAS,2025-09-15 13:49:45.500,T00001234,1234,179.99,36,B,,,
AAPL.P.XNAS,XNAS,2025-09-15 13:49:46.300,T00001235,1235,178.64000000000001,48,B,,,
AAPL.P.XNAS,XNAS,2025-09-15 13:49:46.800,T00001236,1236,176.94,12,S,,,
AAPL.P.XNAS,XNAS,2025-09-15 13:49:47.300,T00001237,1237,179.52,11,B,,,
AAPL.P.XNAS,XNAS,2025-09-15 13:49:48.100,T00001238,1238,176.79000000000002,31,S,,,
AAPL.P.XNAS,XNAS,2025-09-15 13:49:50.000,T00001239,1239,176.22,16,B,,,
AAPL.P.XNAS,XNAS,2025-09-15 13:49:54.000,T00001240,1240,179.36,10,S,,,
AAPL.P.XNAS,XNAS,2025-09-15 13:49:54.100,T00001241,1241,180.3,77,B,,,
AAPL.P.XNAS,XNAS,2025-09-15 13:49:54.300,T00001242,1242,181.65,33,B,,,
AAPL.P.XNAS,XNAS,2025-09-15 13:49:57.100,T00001243,1243,175.71,13,B,,,
AAPL.P.XNAS,XNAS,2025-09-15 13:49:57.500,T00001244,1244,172.68,20,S,,,
AAPL.P.XNAS,XNAS,2025-09-15 13:49:57.800,T00001245,1245,170.83,91,S,,,
AAPL.P.XNAS,XNAS,2025-09-15 13:49:58.900,T00001246,1246,174.87,25,S,,,
AAPL.P.XNAS,XNAS,2025-09-15 13:49:59.300,T00001247,1247,174.70000000000002,44,B,,,
AAPL.P.XNAS,XNAS,2025-09-15 13:49:59.700,T00001248,1248,173.6,14,B,,,
AAPL.P.XNAS,XNAS,2025-09-15 13:50:01.300,T00001249,1249,173.63,19,S,,,
AAPL.P.XNAS,XNAS,2025-09-15 13:50:01.500,T00001250,1250,174.63,86,B,,,
AAPL.P.XNAS,XNAS,2025-09-15 13:50:03.600,T00001251,1251,178.94,14,S,,,
AAPL.P.XNAS,XNAS,2025-09-15 13:50:03.800,T00001252,1252,176.75,65,S,,,
AAPL.P.XNAS,XNAS,2025-09-15 13:50:04.500,T00001253,1253,179.97,11,B,,,
AAPL.P.XNAS,XNAS,2025-09-15 13:50:04.900,T00001254,1254,181.88,33,B,,,
AAPL.P.XNAS,XNAS,2025-09-15 13:50:05.600,T00001255,1255,183.53,13,B,,,
AAPL.P.XNAS,XNAS,2025-09-15 13:50:06.000,T00001256,1256,183.71,15,S,,,
AAPL.P.XNAS,XNAS,2025-09-15 13:50:06.700,T00001257,1257,182.57,64,S,,,
AAPL.P.XNAS,XNAS,2025-09-15 13:50:08.100,T00001258,1258,186.51,24,S,,,
AAPL.P.XNAS,XNAS,2025-09-15 13:50:08.800,T00001259,1259,187.13,5,B,,,
AAPL.P.XNAS,XNAS,2025-09-15 13:50:08.900,T00001260,1260,188.10999999999999,11,B,,,
AAPL.P.XNAS,XNAS,2025-09-15 13:50:09.700,T00001261,1261,186.62,63,S,,,
AAPL.P.XNAS,XNAS,2025-09-15 13:50:10.400,T00001262,1262,185.06,15,B,,,
AAPL.P.XNAS,XNAS,2025-09-15 13:50:10.700,T00001263,1263,184.06,18,S,,,
AAPL.P.XNAS,XNAS,2025-09-15 13:50:11.700,T00001264,1264,186.41,39,S,,,
AAPL.P.XNAS,XNAS,2025-09-15 13:50:12.300,T00001265,1265,186.03,28,B,,,
AAPL.P.XNAS,XNAS,2025-09-15 13:50:12.400,T00001266,1266,185.69,16,B,,,
AAPL.P.XNAS,XNAS,2025-09-15 13:50:13.800,T00001267,1267,187.08,18,S,,,
AAPL.P.XNAS,XNAS,2025-09-15 13:50:13.900,T00001268,1268,186.19,12,S,,,
AAPL.P.XNAS,XNAS,2025-09-15 13:50:14.300,T00001269,1269,185.17000000000002,12,B,,,
AAPL.P.XNAS,XNAS,2025-09-15 13:50:14.500,T00001270,1270,186.0,50,S,,,
AAPL.P.XNAS,XNAS,2025-09-15 13:50:15.000,T00001271,1271,186.49,43,S,,,
AAPL.P.XNAS,XNAS,2025-09-15 13:50:18.100,T00001272,1272,179.53,22,B,,,
AAPL.P.XNAS,XNAS,2025-09-15 13:50:20.700,T00001273,1273,184.28,49,B,,,
AAPL.P.XNAS,XNAS,2025-09-15 13:50:21.700,T00001274,1274,182.77,17,S,,,
AAPL.P.XNAS,XNAS,2025-09-15 13:50:22.700,T00001275,1275,183.39000000000001,16,S,,,
AAPL.P.XNAS,XNAS,2025-09-15 13:50:23.200,T00001276,1276,184.12,15,B,,,
AAPL.P.XNAS,XNAS,2025-09-15 13:50:23.500,T00001277,1277,182.98,2,S,,,
AAPL.P.XNAS,XNAS,2025-09-15 13:50:24.400,T00001278,1278,184.51,66,B,,,
AAPL.P.XNAS,XNAS,2025-09-15 13:50:24.700,T00001279,1279,188.33,91,B,,,
AAPL.P.XNAS,XNAS,2025-09-15 13:50:25.600,T00001280,1280,187.20000000000002,22,S,,,
AAPL.P.XNAS,XNAS,2025-09-15 13:50:26.000,T00001281,1281,188.07,17,B,,,
AAPL.P.XNAS,XNAS,2025-09-15 13:50:26.100,T00001282,1282,186.18,12,S,,,
AAPL.P.XNAS,XNAS,2025-09-15 13:50:27.700,T00001283,1283,181.38,17,S,,,
AAPL.P.XNAS,XNAS,2025-09-15 13:50:29.300,T00001284,1284,181.03,28,S,,,
AAPL.P.XNAS,XNAS,2025-09-15 13:50:29.500,T00001285,1285,183.19,112,S,,,
AAPL.P.XNAS,XNAS,2025-09-15 13:50:29.800,T00001286,1286,183.39000000000001,10,B,,,
AAPL.P.XNAS,XNAS,2025-09-15 13:50:30.000,T00001287,1287,183.20000000000002,14,B,,,
AAPL.P.XNAS,XNAS,2025-09-15 13:50:30.100,T00001288,1288,183.26000000000002,13,S,,,
AAPL.P.XNAS,XNAS,2025-09-15 13:50:32.300,T00001289,1289,187.56,12,S,,,
AAPL.P.XNAS,XNAS,2025-09-15 13:50:34.700,T00001290,1290,181.64000000000001,19,B,,,
AAPL.P.XNAS,XNAS,2025-09-15 13:50:38.100,T00001291,1291,179.42000000000002,12,B,,,
AAPL.P.XNAS,XNAS,2025-09-15 13:50:38.900,T00001292,1292,178.28,25,B,,,
AAPL.P.XNAS,XNAS,2025-09-15 13:50:40.100,T00001293,1293,181.28,14,B,,,
AAPL.P.XNAS,XNAS,2025-09-15 13:50:40.800,T00001294,1294,180.31,14,S,,,
AAPL.P.XNAS,XNAS,2025-09-15 13:50:42.100,T00001295,1295,180.52,24,S,,,
AAPL.P.XNAS,XNAS,2025-09-15 13:50:42.700,T00001296,1296,177.71,11,B,,,
AAPL.P.XNAS,XNAS,2025-09-15 13:50:44.100,T00001297,1297,179.4,21,B,,,
AAPL.P.XNAS,XNAS,2025-09-15 13:50:45.000,T00001298,1298,176.82,19,S,,,
AAPL.P.XNAS,XNAS,2025-09-15 13:50:45.300,T00001299,1299,178.54,24,B,,,
AAPL.P.XNAS,XNAS,2025-09-15 13:50:47.500,T00001300,1300,179.89000000000001,18,B,,,
AAPL.P.XNAS,XNAS,2025-09-15 13:50:52.300,T00001301,1301,179.04,11,B,,,
AAPL.P.XNAS,XNAS,2025-09-15 13:50:52.400,T00001302,1302,178.5,11,S,,,
AAPL.P.XNAS,XNAS,2025-09-15 13:50:53.000,T00001303,1303,179.53,11,B,,,
AAPL.P.XNAS,XNAS,2025-09-15 13:50:53.100,T00001304,1304,179.47,38,S,,,
AAPL.P.XNAS,XNAS,2025-09-15 13:51:01.200,T00001305,1305,180.07,27,B,,,
AAPL.P.XNAS,XNAS,2025-09-15 13:51:01.500,T00001306,1306,180.17000000000002,40,B,,,
AAPL.P.XNAS,XNAS,2025-09-15 13:51:03.600,T00001307,1307,180.64000000000001,133,B,,,
AAPL.P.XNAS,XNAS,2025-09-15 13:51:10.400,T00001308,1308,180.43,12,S,,,
AAPL.P.XNAS,XNAS,2025-09-15 13:51:11.200,T00001309,1309,183.86,15,S,,,
AAPL.P.XNAS,XNAS,2025-09-15 13:51:11.300,T00001310,1310,183.77,2,B,,,
AAPL.P.XNAS,XNAS,2025-09-15 13:51:11.500,T00001311,1311,184.54,12,B,,,
AAPL.P.XNAS,XNAS,2025-09-15 13:51:11.900,T00001312,1312,184.75,26,B,,,
AAPL.P.XNAS,XNAS,2025-09-15 13:51:12.100,T00001313,1313,182.55,13,S,,,
AAPL.P.XNAS,XNAS,2025-09-15 13:51:15.100,T00001314,1314,183.72,62,B,,,
AAPL.P.XNAS,XNAS,2025-09-15 13:51:17.000,T00001315,1315,184.33,26,S,,,
AAPL.P.XNAS,XNAS,2025-09-15 13:51:17.100,T00001316,1316,185.48,33,B,,,
AAPL.P.XNAS,XNAS,2025-09-15 13:51:17.200,T00001317,1317,185.95,14,B,,,
AAPL.P.XNAS,XNAS,2025-09-15 13:51:18.800,T00001318,1318,182.28,98,S,,,
AAPL.P.XNAS,XNAS,2025-09-15 13:51:21.100,T00001319,1319,183.1,16,B,,,
AAPL.P.XNAS,XNAS,2025-09-15 13:51:24.600,T00001320,1320,182.6,48,S,,,
AAPL.P.XNAS,XNAS,2025-09-15 13:51:24.700,T00001321,1321,184.07,25,S,,,
AAPL.P.XNAS,XNAS,2025-09-15 13:51:25.200,T00001322,1322,183.31,19,B,,,
AAPL.P.XNAS,XNAS,2025-09-15 13:51:26.600,T00001323,1323,179.43,15,S,,,
AAPL.P.XNAS,XNAS,2025-09-15 13:51:27.600,T00001324,1324,177.72,29,S,,,
AAPL.P.XNAS,XNAS,2025-09-15 13:51:31.200,T00001325,1325,173.77,13,S,,,
AAPL.P.XNAS,XNAS,2025-09-15 13:51:31.800,T00001326,1326,177.95000000000002,20,S,,,
AAPL.P.XNAS,XNAS,2025-09-15 13:51:32.400,T00001327,1327,173.37,15,S,,,
AAPL.P.XNAS,XNAS,2025-09-15 13:51:33.300,T00001328,1328,172.70000000000002,16,B,,,
AAPL.P.XNAS,XNAS,2025-09-15 13:51:34.400,T00001329,1329,175.28,38,B,,,
AAPL.P.XNAS,XNAS,2025-09-15 13:51:39.200,T00001330,1330,175.87,77,B,,,
AAPL.P.XNAS,XNAS,2025-09-15 13:51:39.400,T00001331,1331,175.03,26,S,,,
AAPL.P.XNAS,XNAS,2025-09-15 13:51:40.300,T00001332,1332,175.07,12,S,,,
AAPL.P.XNAS,XNAS,2025-09-15 13:51:42.400,T00001333,1333,175.49,63,B,,,
AAPL.P.XNAS,XNAS,2025-09-15 13:51:45.600,T00001334,1334,186.36,22,S,,,
AAPL.P.XNAS,XNAS,2025-09-15 13:51:45.700,T00001335,1335,185.96,26,S,,,
AAPL.P.XNAS,XNAS,2025-09-15 13:51:46.100,T00001336,1336,185.5,12,B,,,
AAPL.P.XNAS,XNAS,2025-09-15 13:51:46.600,T00001337,1337,189.74,11,B,,,
AAPL.P.XNAS,XNAS,2025-09-15 13:51:46.900,T00001338,1338,190.8,21,S,,,
AAPL.P.XNAS,XNAS,2025-09-15 13:51:47.200,T00001339,1339,190.6,147,B,,,
AAPL.P.XNAS,XNAS,2025-09-15 13:51:47.600,T00001340,1340,190.35,20,S,,,
AAPL.P.XNAS,XNAS,2025-09-15 13:51:49.100,T00001341,1341,191.3,17,S,,,
AAPL.P.XNAS,XNAS,2025-09-15 13:51:49.400,T00001342,1342,190.36,31,S,,,
AAPL.P.XNAS,XNAS,2025-09-15 13:51:50.000,T00001343,1343,191.83,15,S,,,
AAPL.P.XNAS,XNAS,2025-09-15 13:51:51.200,T00001344,1344,186.02,12,B,,,
AAPL.P.XNAS,XNAS,2025-09-15 13:51:51.300,T00001345,1345,186.59,11,S,,,
AAPL.P.XNAS,XNAS,2025-09-15 13:51:52.400,T00001346,1346,186.05,11,S,,,
AAPL.P.XNAS,XNAS,2025-09-15 13:51:55.300,T00001347,1347,184.59,22,B,,,
AAPL.P.XNAS,XNAS,2025-09-15 13:51:56.900,T00001348,1348,181.6,23,S,,,
AAPL.P.XNAS,XNAS,2025-09-15 13:51:57.000,T00001349,1349,184.3,24,B,,,
AAPL.P.XNAS,XNAS,2025-09-15 13:51:57.100,T00001350,1350,183.39000000000001,21,B,,,
AAPL.P.XNAS,XNAS,2025-09-15 13:51:58.000,T00001351,1351,186.45000000000002,17,B,,,
AAPL.P.XNAS,XNAS,2025-09-15 13:51:58.900,T00001352,1352,187.61,40,B,,,
AAPL.P.XNAS,XNAS,2025-09-15 13:52:00.100,T00001353,1353,184.3,11,S,,,
AAPL.P.XNAS,XNAS,2025-09-15 13:52:02.000,T00001354,1354,186.46,11,S,,,
AAPL.P.XNAS,XNAS,2025-09-15 13:52:02.900,T00001355,1355,190.41,11,B,,,
AAPL.P.XNAS,XNAS,2025-09-15 13:52:03.200,T00001356,1356,189.20000000000002,10,S,,,
AAPL.P.XNAS,XNAS,2025-09-15 13:52:04.400,T00001357,1357,185.94,21,B,,,
AAPL.P.XNAS,XNAS,2025-09-15 13:52:04.600,T00001358,1358,185.08,18,B,,,
AAPL.P.XNAS,XNAS,2025-09-15 13:52:04.700,T00001359,1359,187.15,36,S,,,
AAPL.P.XNAS,XNAS,2025-09-15 13:52:04.800,T00001360,1360,187.01,12,B,,,
AAPL.P.XNAS,XNAS,2025-09-15 13:52:06.500,T00001361,1361,187.47,25,S,,,
AAPL.P.XNAS,XNAS,2025-09-15 13:52:08.900,T00001362,1362,184.32,11,S,,,
AAPL.P.XNAS,XNAS,2025-09-15 13:52:10.400,T00001363,1363,188.21,22,B,,,
AAPL.P.XNAS,XNAS,2025-09-15 13:52:11.400,T00001364,1364,183.53,12,S,,,
AAPL.P.XNAS,XNAS,2025-09-15 13:52:12.000,T00001365,1365,185.44000000000003,19,S,,,
AAPL.P.XNAS,XNAS,2025-09-15 13:52:13.400,T00001366,1366,186.81,16,B,,,
AAPL.P.XNAS,XNAS,2025-09-15 13:52:15.400,T00001367,1367,181.68,28,S,,,
AAPL.P.XNAS,XNAS,2025-09-15 13:52:15.600,T00001368,1368,182.26,11,B,,,
AAPL.P.XNAS,XNAS,2025-09-15 13:52:19.300,T00001369,1369,182.25,16,B,,,
AAPL.P.XNAS,XNAS,2025-09-15 13:52:20.500,T00001370,1370,178.27,61,S,,,
AAPL.P.XNAS,XNAS,2025-09-15 13:52:22.300,T00001371,1371,177.39000000000001,18,S,,,
AAPL.P.XNAS,XNAS,2025-09-15 13:52:22.500,T00001372,1372,178.12,29,S,,,
AAPL.P.XNAS,XNAS,2025-09-15 13:52:23.400,T00001373,1373,178.23,34,B,,,
AAPL.P.XNAS,XNAS,2025-09-15 13:52:24.000,T00001374,1374,177.07,13,S,,,
AAPL.P.XNAS,XNAS,2025-09-15 13:52:25.200,T00001375,1375,182.48,18,B,,,
AAPL.P.XNAS,XNAS,2025-09-15 13:52:26.300,T00001376,1376,181.25,16,B,,,
AAPL.P.XNAS,XNAS,2025-09-15 13:52:27.700,T00001377,1377,180.1,39,B,,,
AAPL.P.XNAS,XNAS,2025-09-15 13:52:29.000,T00001378,1378,182.69,11,B,,,
AAPL.P.XNAS,XNAS,2025-09-15 13:52:29.300,T00001379,1379,182.28,10,S,,,
AAPL.P.XNAS,XNAS,2025-09-15 13:52:30.300,T00001380,1380,183.52,31,B,,,
AAPL.P.XNAS,XNAS,2025-09-15 13:52:30.800,T00001381,1381,185.97,3,S,,,
AAPL.P.XNAS,XNAS,2025-09-15 13:52:32.600,T00001382,1382,183.89000000000001,29,B,,,
AAPL.P.XNAS,XNAS,2025-09-15 13:52:32.900,T00001383,1383,184.56,12,S,,,
AAPL.P.XNAS,XNAS,2025-09-15 13:52:35.100,T00001384,1384,189.23999999999998,64,B,,,
AAPL.P.XNAS,XNAS,2025-09-15 13:52:35.700,T00001385,1385,185.6,11,S,,,
AAPL.P.XNAS,XNAS,2025-09-15 13:52:36.500,T00001386,1386,183.1,30,S,,,
AAPL.P.XNAS,XNAS,2025-09-15 13:52:37.100,T00001387,1387,179.62,15,S,,,
AAPL.P.XNAS,XNAS,2025-09-15 13:52:38.500,T00001388,1388,176.20000000000002,16,B,,,
