instrument_id,venue,ts_event,trade_id,event_seq,price,quantity,aggressor_side,trade_condition,buyer_id,seller_id
MSFT.P.XNAS,XNAS,2025-09-15 13:30:00.800,T00000000,0,377.98,17,S,,,
MSFT.P.XNAS,XNAS,2025-09-15 13:30:02.300,T00000001,1,379.15000000000003,14,B,,,
MSFT.P.XNAS,XNAS,2025-09-15 13:30:02.800,T00000002,2,380.34000000000003,18,S,,,
MSFT.P.XNAS,XNAS,2025-09-15 13:30:03.500,T00000003,3,375.86,24,B,,,
MSFT.P.XNAS,XNAS,2025-09-15 13:30:03.700,T00000004,4,374.22,13,B,,,
MSFT.P.XNAS,XNAS,2025-09-15 13:30:05.800,T00000005,5,374.21,15,S,,,
MSFT.P.XNAS,XNAS,2025-09-15 13:30:06.000,T00000006,6,375.21,10,S,,,
MSFT.P.XNAS,XNAS,2025-09-15 13:30:08.100,T00000007,7,371.55,24,B,,,
MSFT.P.XNAS,XNAS,2025-09-15 13:30:08.600,T00000008,8,372.82,10,S,,,
MSFT.P.XNAS,XNAS,2025-09-15 13:30:08.700,T00000009,9,372.73,14,B,,,
MSFT.P.XNAS,XNAS,2025-09-15 13:30:08.800,T00000010,10,372.66,16,S,,,
MSFT.P.XNAS,XNAS,2025-09-15 13:30:09.800,T00000011,11,376.75,30,S,,,
MSFT.P.XNAS,XNAS,2025-09-15 13:30:10.800,T00000012,12,375.26,12,B,,,
MSFT.P.XNAS,XNAS,2025-09-15 13:30:12.400,T00000013,13,381.83,28,B,,,
MSFT.P.XNAS,XNAS,2025-09-15 13:30:12.600,T00000014,14,384.32,18,B,,,
MSFT.P.XNAS,XNAS,2025-09-15 13:30:12.700,T00000015,15,384.2,43,B,,,
MSFT.P.XNAS,XNAS,2025-09-15 13:30:13.300,T00000016,16,379.91,25,B,,,
MSFT.P.XNAS,XNAS,2025-09-15 13:30:13.700,T00000017,17,377.63,11,B,,,
MSFT.P.XNAS,XNAS,2025-09-15 13:30:14.400,T00000018,18,374.6,14,B,,,
MSFT.P.XNAS,XNAS,2025-09-15 13:30:17.400,T00000019,19,377.26,22,S,,,
MSFT.P.XNAS,XNAS,2025-09-15 13:30:17.600,T00000020,20,375.81,37,S,,,
MSFT.P.XNAS,XNAS,2025-09-15 13:30:19.600,T00000021,21,382.27,13,S,,,
MSFT.P.XNAS,XNAS,2025-09-15 13:30:20.900,T00000022,22,388.77,40,B,,,
MSFT.P.XNAS,XNAS,2025-09-15 13:30:21.000,T00000023,23,392.07,34,B,,,
MSFT.P.XNAS,XNAS,2025-09-15 13:30:22.700,T00000024,24,379.52,14,B,,,
MSFT.P.XNAS,XNAS,2025-09-15 13:30:23.700,T00000025,25,382.74,18,B,,,
MSFT.P.XNAS,XNAS,2025-09-15 13:30:24.200,T00000026,26,382.66,10,S,,,
MSFT.P.XNAS,XNAS,2025-09-15 13:30:25.800,T00000027,27,383.18,10,S,,,
MSFT.P.XNAS,XNAS,2025-09-15 13:30:26.100,T00000028,28,379.21,12,S,,,
MSFT.P.XNAS,XNAS,2025-09-15 13:30:26.200,T00000029,29,378.46,11,S,,,
MSFT.P.XNAS,XNAS,2025-09-15 13:30:26.300,T00000030,30,377.17,17,S,,,
MSFT.P.XNAS,XNAS,2025-09-15 13:30:27.300,T00000031,31,377.81,36,S,,,
MSFT.P.XNAS,XNAS,2025-09-15 13:30:29.400,T00000032,32,373.48,22,S,,,
MSFT.P.XNAS,XNAS,2025-09-15 13:30:29.800,T00000033,33,375.51,13,S,,,
MSFT.P.XNAS,XNAS,2025-09-15 13:30:30.600,T00000034,34,376.3,27,S,,,
MSFT.P.XNAS,XNAS,2025-09-15 13:30:30.700,T00000035,35,375.14,57,B,,,
MSFT.P.XNAS,XNAS,2025-09-15 13:30:30.800,T00000036,36,374.01,18,S,,,
MSFT.P.XNAS,XNAS,2025-09-15 13:30:31.200,T00000037,37,379.83,15,B,,,
MSFT.P.XNAS,XNAS,2025-09-15 13:30:32.100,T00000038,38,378.66,12,B,,,
MSFT.P.XNAS,XNAS,2025-09-15 13:30:33.900,T00000039,39,378.72,24,B,,,
MSFT.P.XNAS,XNAS,2025-09-15 13:30:34.100,T00000040,40,377.24,25,S,,,
MSFT.P.XNAS,XNAS,2025-09-15 13:30:34.200,T00000041,41,373.77,35,S,,,
MSFT.P.XNAS,XNAS,2025-09-15 13:30:35.100,T00000042,42,377.81,9,B,,,
MSFT.P.XNAS,XNAS,2025-09-15 13:30:35.300,T00000043,43,378.84000000000003,15,B,,,
MSFT.P.XNAS,XNAS,2025-09-15 13:30:35.600,T00000044,44,376.1,41,S,,,
MSFT.P.XNAS,XNAS,2025-09-15 13:30:35.700,T00000045,45,374.96,102,S,,,
MSFT.P.XNAS,XNAS,2025-09-15 13:30:36.000,T00000046,46,378.44,26,B,,,
MSFT.P.XNAS,XNAS,2025-09-15 13:30:37.700,T00000047,47,381.66,29,S,,,
MSFT.P.XNAS,XNAS,2025-09-15 13:30:38.500,T00000048,48,375.16,16,B,,,
MSFT.P.XNAS,XNAS,2025-09-15 13:30:38.600,T00000049,49,377.01,46,B,,,
MSFT.P.XNAS,XNAS,2025-09-15 13:30:38.800,T00000050,50,378.98,17,S,,,
MSFT.P.XNAS,XNAS,2025-09-15 13:30:42.100,T00000051,51,372.44,34,B,,,
MSFT.P.XNAS,XNAS,2025-09-15 13:30:42.700,T00000052,52,369.99,30,S,,,
MSFT.P.XNAS,XNAS,2025-09-15 13:30:43.100,T00000053,53,368.31,8,S,,,
MSFT.P.XNAS,XNAS,2025-09-15 13:30:43.700,T00000054,54,366.41,11,S,,,
MSFT.P.XNAS,XNAS,2025-09-15 13:30:46.900,T00000055,55,379.87,25,S,,,
MSFT.P.XNAS,XNAS,2025-09-15 13:30:47.500,T00000056,56,384.63,38,S,,,
MSFT.P.XNAS,XNAS,2025-09-15 13:30:50.100,T00000057,57,379.45,55,S,,,
MSFT.P.XNAS,XNAS,2025-09-15 13:30:50.200,T00000058,58,380.25,27,B,,,
MSFT.P.XNAS,XNAS,2025-09-15 13:30:50.400,T00000059,59,384.83,12,B,,,
MSFT.P.XNAS,XNAS,2025-09-15 13:30:51.200,T00000060,60,379.26,13,S,,,
MSFT.P.XNAS,XNAS,2025-09-15 13:30:51.800,T00000061,61,374.61,15,B,,,
MSFT.P.XNAS,XNAS,2025-09-15 13:30:52.700,T00000062,62,379.51,12,S,,,
MSFT.P.XNAS,XNAS,2025-09-15 13:30:53.000,T00000063,63,380.83,34,S,,,
MSFT.P.XNAS,XNAS,2025-09-15 13:30:55.200,T00000064,64,391.62,12,B,,,
MSFT.P.XNAS,XNAS,2025-09-15 13:30:56.200,T00000065,65,392.2,15,S,,,
MSFT.P.XNAS,XNAS,2025-09-15 13:31:00.900,T00000066,66,377.40000000000003,47,B,,,
MSFT.P.XNAS,XNAS,2025-09-15 13:31:02.800,T00000067,67,384.29,14,B,,,
MSFT.P.XNAS,XNAS,2025-09-15 13:31:03.600,T00000068,68,386.71,47,B,,,
MSFT.P.XNAS,XNAS,2025-09-15 13:31:03.800,T00000069,69,388.82,19,S,,,
MSFT.P.XNAS,XNAS,2025-09-15 13:31:04.400,T00000070,70,385.82,22,S,,,
MSFT.P.XNAS,XNAS,2025-09-15 13:31:06.000,T00000071,71,384.38,41,B,,,
MSFT.P.XNAS,XNAS,2025-09-15 13:31:06.900,T00000072,72,377.06,25,S,,,
MSFT.P.XNAS,XNAS,2025-09-15 13:31:07.300,T00000073,73,374.67,13,B,,,
MSFT.P.XNAS,XNAS,2025-09-15 13:31:08.200,T00000074,74,379.15000000000003,14,S,,,
MSFT.P.XNAS,XNAS,2025-09-15 13:31:09.100,T00000075,75,371.33,25,B,,,
MSFT.P.XNAS,XNAS,2025-09-15 13:31:14.200,T00000076,76,372.65000000000003,112,B,,,
MSFT.P.XNAS,XNAS,2025-09-15 13:31:14.500,T00000077,77,377.58,16,B,,,
MSFT.P.XNAS,XNAS,2025-09-15 13:31:15.700,T00000078,78,377.7,15,S,,,
MSFT.P.XNAS,XNAS,2025-09-15 13:31:16.200,T00000079,79,376.61,11,S,,,
MSFT.P.XNAS,XNAS,2025-09-15 13:31:17.200,T00000080,80,373.51,16,B,,,
MSFT.P.XNAS,XNAS,2025-09-15 13:31:17.700,T00000081,81,376.88,126,B,,,
MSFT.P.XNAS,XNAS,2025-09-15 13:31:18.300,T00000082,82,375.73,14,B,,,
MSFT.P.XNAS,XNAS,2025-09-15 13:31:19.200,T00000083,83,374.38,8,B,,,
MSFT.P.XNAS,XNAS,2025-09-15 13:31:21.000,T00000084,84,375.59000000000003,17,S,,,
MSFT.P.XNAS,XNAS,2025-09-15 13:31:23.000,T00000085,85,370.31,27,S,,,
MSFT.P.XNAS,XNAS,2025-09-15 13:31:23.300,T00000086,86,370.49,34,S,,,
MSFT.P.XNAS,XNAS,2025-09-15 13:31:23.900,T00000087,87,367.61,15,B,,,
MSFT.P.XNAS,XNAS,2025-09-15 13:31:24.700,T00000088,88,361.92,20,B,,,
MSFT.P.XNAS,XNAS,2025-09-15 13:31:25.200,T00000089,89,363.04,11,B,,,
MSFT.P.XNAS,XNAS,2025-09-15 13:31:25.400,T00000090,90,359.03000000000003,14,S,,,
MSFT.P.XNAS,XNAS,2025-09-15 13:31:29.400,T00000091,91,374.63,56,S,,,
MSFT.P.XNAS,XNAS,2025-09-15 13:31:31.000,T00000092,92,382.44,24,B,,,
MSFT.P.XNAS,XNAS,2025-09-15 13:31:32.900,T00000093,93,382.0,12,S,,,
MSFT.P.XNAS,XNAS,2025-09-15 13:31:34.100,T00000094,94,377.88,45,B,,,
MSFT.P.XNAS,XNAS,2025-09-15 13:31:34.400,T00000095,95,378.07,17,B,,,
MSFT.P.XNAS,XNAS,2025-09-15 13:31:36.900,T00000096,96,378.38,72,B,,,
MSFT.P.XNAS,XNAS,2025-09-15 13:31:38.100,T00000097,97,384.15000000000003,24,B,,,
MSFT.P.XNAS,XNAS,2025-09-15 13:31:38.500,T00000098,98,387.08,50,B,,,
MSFT.P.XNAS,XNAS,2025-09-15 13:31:41.000,T00000099,99,384.2,9,S,,,
MSFT.P.XNAS,XNAS,2025-09-15 13:31:41.600,T00000100,100,386.34000000000003,23,B,,,
MSFT.P.XNAS,XNAS,2025-09-15 13:31:42.000,T00000101,101,383.97,80,S,,,
MSFT.P.XNAS,XNAS,2025-09-15 13:31:42.200,T00000102,102,386.94,10,B,,,
MSFT.P.XNAS,XNAS,2025-09-15 13:31:42.500,T00000103,103,386.78000000000003,22,S,,,
MSFT.P.XNAS,XNAS,2025-09-15 13:31:43.100,T00000104,104,384.69,22,S,,,
MSFT.P.XNAS,XNAS,2025-09-15 13:31:43.300,T00000105,105,385.32,84,S,,,
MSFT.P.XNAS,XNAS,2025-09-15 13:31:44.200,T00000106,106,382.05,35,S,,,
MSFT.P.XNAS,XNAS,2025-09-15 13:31:44.900,T00000107,107,383.2,34,S,,,
MSFT.P.XNAS,XNAS,2025-09-15 13:31:45.500,T00000108,108,386.13,6,S,,,
MSFT.P.XNAS,XNAS,2025-09-15 13:31:45.700,T00000109,109,384.92,11,S,,,
MSFT.P.XNAS,XNAS,2025-09-15 13:31:45.900,T00000110,110,385.37,72,B,,,
MSFT.P.XNAS,XNAS,2025-09-15 13:31:47.500,T00000111,111,389.0,29,B,,,
MSFT.P.XNAS,XNAS,2025-09-15 13:31:47.700,T00000112,112,392.35,13,B,,,
MSFT.P.XNAS,XNAS,2025-09-15 13:31:48.300,T00000113,113,392.16,10,B,,,
MSFT.P.XNAS,XNAS,2025-09-15 13:31:49.500,T00000114,114,391.0,16,B,,,
MSFT.P.XNAS,XNAS,2025-09-15 13:31:49.700,T00000115,115,392.83,58,B,,,
MSFT.P.XNAS,XNAS,2025-09-15 13:31:50.700,T00000116,116,386.71000000000004,57,S,,,
MSFT.P.XNAS,XNAS,2025-09-15 13:31:52.600,T00000117,117,380.02,19,B,,,
MSFT.P.XNAS,XNAS,2025-09-15 13:32:00.400,T00000118,118,380.27,10,S,,,
MSFT.P.XNAS,XNAS,2025-09-15 13:32:01.100,T00000119,119,378.05,16,B,,,
MSFT.P.XNAS,XNAS,2025-09-15 13:32:01.300,T00000120,120,379.27,40,B,,,
MSFT.P.XNAS,XNAS,2025-09-15 13:32:01.500,T00000121,121,377.89,27,B,,,
MSFT.P.XNAS,XNAS,2025-09-15 13:32:02.000,T00000122,122,382.72,63,B,,,
MSFT.P.XNAS,XNAS,2025-09-15 13:32:02.100,T00000123,123,383.56,38,B,,,
MSFT.P.XNAS,XNAS,2025-09-15 13:32:03.100,T00000124,124,377.66,18,S,,,
MSFT.P.XNAS,XNAS,2025-09-15 13:32:05.800,T00000125,125,377.42,18,B,,,
MSFT.P.XNAS,XNAS,2025-09-15 13:32:06.300,T00000126,126,378.0,21,S,,,
MSFT.P.XNAS,XNAS,2025-09-15 13:32:07.700,T00000127,127,379.53000000000003,8,S,,,
MSFT.P.XNAS,XNAS,2025-09-15 13:32:07.800,T00000128,128,378.19,26,S,,,
MSFT.P.XNAS,XNAS,2025-09-15 13:32:07.900,T00000129,129,377.46,22,S,,,
MSFT.P.XNAS,XNAS,2025-09-15 13:32:08.600,T00000130,130,382.63,12,B,,,
MSFT.P.XNAS,XNAS,2025-09-15 13:32:09.500,T00000131,131,387.59000000000003,10,S,,,
MSFT.P.XNAS,XNAS,2025-09-15 13:32:09.800,T00000132,132,383.99,25,S,,,
MSFT.P.XNAS,XNAS,2025-09-15 13:32:11.100,T00000133,133,391.04,12,S,,,
MSFT.P.XNAS,XNAS,2025-09-15 13:32:12.200,T00000134,134,382.75,24,S,,,
MSFT.P.XNAS,XNAS,2025-09-15 13:32:15.500,T00000135,135,387.17,18,S,,,
MSFT.P.XNAS,XNAS,2025-09-15 13:32:15.600,T00000136,136,386.85,22,B,,,
MSFT.P.XNAS,XNAS,2025-09-15 13:32:16.900,T00000137,137,388.46000000000004,10,B,,,
MSFT.P.XNAS,XNAS,2025-09-15 13:32:17.700,T00000138,138,388.7,11,B,,,
MSFT.P.XNAS,XNAS,2025-09-15 13:32:18.000,T00000139,139,389.78000000000003,10,B,,,
MSFT.P.XNAS,XNAS,2025-09-15 13:32:19.000,T00000140,140,384.33,25,S,,,
MSFT.P.XNAS,XNAS,2025-09-15 13:32:19.600,T00000141,141,384.3,16,B,,,
MSFT.P.XNAS,XNAS,2025-09-15 13:32:20.900,T00000142,142,378.64,24,S,,,
MSFT.P.XNAS,XNAS,2025-09-15 13:32:21.200,T00000143,143,379.64,8,S,,,
MSFT.P.XNAS,XNAS,2025-09-15 13:32:22.400,T00000144,144,380.57,105,S,,,
MSFT.P.XNAS,XNAS,2025-09-15 13:32:23.000,T00000145,145,381.31,24,S,,,
MSFT.P.XNAS,XNAS,2025-09-15 13:32:25.500,T00000146,146,391.09000000000003,38,S,,,
MSFT.P.XNAS,XNAS,2025-09-15 13:32:25.800,T00000147,147,394.26,44,B,,,
MSFT.P.XNAS,XNAS,2025-09-15 13:32:26.500,T00000148,148,387.35,18,S,,,
MSFT.P.XNAS,XNAS,2025-09-15 13:32:27.600,T00000149,149,386.08,14,B,,,
MSFT.P.XNAS,XNAS,2025-09-15 13:32:28.200,T00000150,150,382.5,11,B,,,
MSFT.P.XNAS,XNAS,2025-09-15 13:32:32.800,T00000151,151,386.2,86,B,,,
MSFT.P.XNAS,XNAS,2025-09-15 13:32:32.900,T00000152,152,385.74,10,B,,,
MSFT.P.XNAS,XNAS,2025-09-15 13:32:37.400,T00000153,153,389.27,10,S,,,
MSFT.P.XNAS,XNAS,2025-09-15 13:32:39.200,T00000154,154,383.67,32,S,,,
MSFT.P.XNAS,XNAS,2025-09-15 13:32:39.500,T00000155,155,383.94,10,S,,,
MSFT.P.XNAS,XNAS,2025-09-15 13:32:40.000,T00000156,156,387.97,13,S,,,
MSFT.P.XNAS,XNAS,2025-09-15 13:32:42.700,T00000157,157,387.21000000000004,11,B,,,
MSFT.P.XNAS,XNAS,2025-09-15 13:32:44.300,T00000158,158,390.59000000000003,13,S,,,
MSFT.P.XNAS,XNAS,2025-09-15 13:32:45.300,T00000159,159,385.19,49,S,,,
MSFT.P.XNAS,XNAS,2025-09-15 13:32:45.900,T00000160,160,379.02,36,S,,,
MSFT.P.XNAS,XNAS,2025-09-15 13:32:46.700,T00000161,161,380.25,11,B,,,
MSFT.P.XNAS,XNAS,2025-09-15 13:32:47.300,T00000162,162,380.11,30,B,,,
MSFT.P.XNAS,XNAS,2025-09-15 13:32:47.600,T00000163,163,380.07,11,S,,,
MSFT.P.XNAS,XNAS,2025-09-15 13:32:48.100,T00000164,164,375.64,66,S,,,
MSFT.P.XNAS,XNAS,2025-09-15 13:32:48.400,T00000165,165,375.27,14,B,,,
MSFT.P.XNAS,XNAS,2025-09-15 13:32:48.600,T00000166,166,373.99,16,S,,,
MSFT.P.XNAS,XNAS,2025-09-15 13:32:48.800,T00000167,167,375.46,21,B,,,
MSFT.P.XNAS,XNAS,2025-09-15 13:32:51.300,T00000168,168,378.53000000000003,28,B,,,
MSFT.P.XNAS,XNAS,2025-09-15 13:32:52.200,T00000169,169,381.40000000000003,18,S,,,
MSFT.P.XNAS,XNAS,2025-09-15 13:32:53.100,T00000170,170,382.89,39,B,,,
MSFT.P.XNAS,XNAS,2025-09-15 13:32:55.000,T00000171,171,377.27,18,S,,,
MSFT.P.XNAS,XNAS,2025-09-15 13:32:55.600,T00000172,172,378.47,20,S,,,
MSFT.P.XNAS,XNAS,2025-09-15 13:32:57.800,T00000173,173,379.0,7,S,,,
MSFT.P.XNAS,XNAS,2025-09-15 13:32:59.500,T00000174,174,387.36,19,S,,,
MSFT.P.XNAS,XNAS,2025-09-15 13:33:01.900,T00000175,175,388.42,7,B,,,
MSFT.P.XNAS,XNAS,2025-09-15 13:33:05.400,T00000176,176,394.28000000000003,17,S,,,
MSFT.P.XNAS,XNAS,2025-09-15 13:33:06.100,T00000177,177,393.39,27,B,,,
MSFT.P.XNAS,XNAS,2025-09-15 13:33:07.300,T00000178,178,383.17,29,B,,,
MSFT.P.XNAS,XNAS,2025-09-15 13:33:08.300,T00000179,179,379.63,34,S,,,
MSFT.P.XNAS,XNAS,2025-09-15 13:33:08.900,T00000180,180,381.96000000000004,11,S,,,
MSFT.P.XNAS,XNAS,2025-09-15 13:33:09.100,T00000181,181,379.98,28,B,,,
MSFT.P.XNAS,XNAS,2025-09-15 13:33:10.400,T00000182,182,381.34000000000003,23,B,,,
MSFT.P.XNAS,XNAS,2025-09-15 13:33:11.900,T00000183,183,376.98,19,B,,,
MSFT.P.XNAS,XNAS,2025-09-15 13:33:12.500,T00000184,184,373.73,31,B,,,
MSFT.P.XNAS,XNAS,2025-09-15 13:33:12.600,T00000185,185,371.86,23,B,,,
MSFT.P.XNAS,XNAS,2025-09-15 13:33:14.800,T00000186,186,372.35,19,S,,,
MSFT.P.XNAS,XNAS,2025-09-15 13:33:17.100,T00000187,187,371.61,13,S,,,
MSFT.P.XNAS,XNAS,2025-09-15 13:33:18.900,T00000188,188,377.94,26,B,,,
MSFT.P.XNAS,XNAS,2025-09-15 13:33:20.600,T00000189,189,384.06,38,S,,,
MSFT.P.XNAS,XNAS,2025-09-15 13:33:20.700,T00000190,190,383.98,53,S,,,
MSFT.P.XNAS,XNAS,2025-09-15 13:33:21.800,T00000191,191,386.48,15,S,,,
MSFT.P.XNAS,XNAS,2025-09-15 13:33:21.900,T00000192,192,388.56,25,S,,,
MSFT.P.XNAS,XNAS,2025-09-15 13:33:27.600,T00000193,193,380.63,26,S,,,
MSFT.P.XNAS,XNAS,2025-09-15 13:33:29.400,T00000194,194,380.24,20,S,,,
MSFT.P.XNAS,XNAS,2025-09-15 13:33:29.800,T00000195,195,379.74,16,S,,,
MSFT.P.XNAS,XNAS,2025-09-15 13:33:32.000,T00000196,196,378.38,21,B,,,
MSFT.P.XNAS,XNAS,2025-09-15 13:33:33.100,T00000197,197,380.58,5,S,,,
MSFT.P.XNAS,XNAS,2025-09-15 13:33:33.200,T00000198,198,381.01,14,B,,,
MSFT.P.XNAS,XNAS,2025-09-15 13:33:33.300,T00000199,199,380.23,29,B,,,
MSFT.P.XNAS,XNAS,2025-09-15 13:33:33.600,T00000200,200,385.7,14,B,,,
MSFT.P.XNAS,XNAS,2025-09-15 13:33:33.700,T00000201,201,384.3,11,S,,,
MSFT.P.XNAS,XNAS,2025-09-15 13:33:34.300,T00000202,202,388.76,15,B,,,
MSFT.P.XNAS,XNAS,2025-09-15 13:33:34.400,T00000203,203,387.24,17,S,,,
MSFT.P.XNAS,XNAS,2025-09-15 13:33:35.000,T00000204,204,381.87,17,S,,,
MSFT.P.XNAS,XNAS,2025-09-15 13:33:35.200,T00000205,205,380.48,65,B,,,
MSFT.P.XNAS,XNAS,2025-09-15 13:33:36.500,T00000206,206,377.28000000000003,22,B,,,
MSFT.P.XNAS,XNAS,2025-09-15 13:33:36.700,T00000207,207,376.15000000000003,34,S,,,
MSFT.P.XNAS,XNAS,2025-09-15 13:33:36.900,T00000208,208,377.61,12,B,,,
MSFT.P.XNAS,XNAS,2025-09-15 13:33:37.200,T00000209,209,377.42,23,S,,,
MSFT.P.XNAS,XNAS,2025-09-15 13:33:37.300,T00000210,210,376.56,19,B,,,
MSFT.P.XNAS,XNAS,2025-09-15 13:33:37.500,T00000211,211,380.47,20,B,,,
MSFT.P.XNAS,XNAS,2025-09-15 13:33:42.600,T00000212,212,386.11,35,S,,,
MSFT.P.XNAS,XNAS,2025-09-15 13:33:43.200,T00000213,213,385.17,28,B,,,
MSFT.P.XNAS,XNAS,2025-09-15 13:33:45.300,T00000214,214,384.42,47,S,,,
MSFT.P.XNAS,XNAS,2025-09-15 13:33:45.600,T00000215,215,388.23,95,B,,,
MSFT.P.XNAS,XNAS,2025-09-15 13:33:47.200,T00000216,216,384.49,22,B,,,
MSFT.P.XNAS,XNAS,2025-09-15 13:33:47.400,T00000217,217,384.25,33,B,,,
MSFT.P.XNAS,XNAS,2025-09-15 13:33:47.500,T00000218,218,382.92,50,B,,,
MSFT.P.XNAS,XNAS,2025-09-15 13:33:50.600,T00000219,219,386.5,12,B,,,
MSFT.P.XNAS,XNAS,2025-09-15 13:33:51.000,T00000220,220,385.25,14,S,,,
MSFT.P.XNAS,XNAS,2025-09-15 13:33:52.000,T00000221,221,390.68,26,B,,,
MSFT.P.XNAS,XNAS,2025-09-15 13:33:52.900,T00000222,222,387.12,12,B,,,
MSFT.P.XNAS,XNAS,2025-09-15 13:33:53.600,T00000223,223,386.40000000000003,26,B,,,
MSFT.P.XNAS,XNAS,2025-09-15 13:33:54.100,T00000224,224,388.76,10,B,,,
MSFT.P.XNAS,XNAS,2025-09-15 13:33:54.900,T00000225,225,384.64,41,B,,,
MSFT.P.XNAS,XNAS,2025-09-15 13:33:57.600,T00000226,226,392.73,31,B,,,
MSFT.P.XNAS,XNAS,2025-09-15 13:33:58.100,T00000227,227,391.35,13,B,,,
MSFT.P.XNAS,XNAS,2025-09-15 13:33:58.600,T00000228,228,388.40000000000003,11,S,,,
MSFT.P.XNAS,XNAS,2025-09-15 13:33:58.700,T00000229,229,387.0,36,S,,,
MSFT.P.XNAS,XNAS,2025-09-15 13:34:00.200,T00000230,230,380.57,30,S,,,
MSFT.P.XNAS,XNAS,2025-09-15 13:34:00.400,T00000231,231,381.85,30,B,,,
MSFT.P.XNAS,XNAS,2025-09-15 13:34:01.700,T00000232,232,380.81,26,B,,,
MSFT.P.XNAS,XNAS,2025-09-15 13:34:03.000,T00000233,233,383.94,50,B,,,
MSFT.P.XNAS,XNAS,2025-09-15 13:34:03.500,T00000234,234,383.85,91,B,,,
MSFT.P.XNAS,XNAS,2025-09-15 13:34:04.100,T00000235,235,388.58,30,S,,,
MSFT.P.XNAS,XNAS,2025-09-15 13:34:05.400,T00000236,236,387.55,30,B,,,
MSFT.P.XNAS,XNAS,2025-09-15 13:34:06.200,T00000237,237,393.0,11,B,,,
MSFT.P.XNAS,XNAS,2025-09-15 13:34:08.800,T00000238,238,390.23,11,S,,,
MSFT.P.XNAS,XNAS,2025-09-15 13:34:09.100,T00000239,239,390.05,4,B,,,
MSFT.P.XNAS,XNAS,2025-09-15 13:34:10.600,T00000240,240,394.5,13,S,,,
MSFT.P.XNAS,XNAS,2025-09-15 13:34:11.000,T00000241,241,394.38,41,B,,,
MSFT.P.XNAS,XNAS,2025-09-15 13:34:11.200,T00000242,242,392.57,18,S,,,
MSFT.P.XNAS,XNAS,2025-09-15 13:34:12.500,T00000243,243,401.85,31,B,,,
MSFT.P.XNAS,XNAS,2025-09-15 13:34:12.900,T00000244,244,400.29,20,B,,,
MSFT.P.XNAS,XNAS,2025-09-15 13:34:13.700,T00000245,245,397.64,10,S,,,
MSFT.P.XNAS,XNAS,2025-09-15 13:34:15.400,T00000246,246,394.98,31,B,,,
MSFT.P.XNAS,XNAS,2025-09-15 13:34:16.000,T00000247,247,388.11,20,S,,,
MSFT.P.XNAS,XNAS,2025-09-15 13:34:16.200,T00000248,248,387.13,17,B,,,
MSFT.P.XNAS,XNAS,2025-09-15 13:34:17.900,T00000249,249,391.29,20,B,,,
MSFT.P.XNAS,XNAS,2025-09-15 13:34:18.700,T00000250,250,389.0,9,S,,,
MSFT.P.XNAS,XNAS,2025-09-15 13:34:18.800,T00000251,251,390.94,35,B,,,
MSFT.P.XNAS,XNAS,2025-09-15 13:34:18.900,T00000252,252,390.46000000000004,13,S,,,
MSFT.P.XNAS,XNAS,2025-09-15 13:34:19.400,T00000253,253,392.40000000000003,18,B,,,
MSFT.P.XNAS,XNAS,2025-09-15 13:34:21.200,T00000254,254,393.52,80,B,,,
MSFT.P.XNAS,XNAS,2025-09-15 13:34:21.400,T00000255,255,391.96000000000004,24,S,,,
MSFT.P.XNAS,XNAS,2025-09-15 13:34:22.600,T00000256,256,382.32,21,S,,,
MSFT.P.XNAS,XNAS,2025-09-15 13:34:23.200,T00000257,257,382.58,25,B,,,
MSFT.P.XNAS,XNAS,2025-09-15 13:34:25.500,T00000258,258,385.38,10,B,,,
MSFT.P.XNAS,XNAS,2025-09-15 13:34:26.100,T00000259,259,379.47,29,B,,,
MSFT.P.XNAS,XNAS,2025-09-15 13:34:27.600,T00000260,260,377.65000000000003,37,B,,,
MSFT.P.XNAS,XNAS,2025-09-15 13:34:29.900,T00000261,261,373.27,15,S,,,
MSFT.P.XNAS,XNAS,2025-09-15 13:34:30.000,T00000262,262,372.2,12,S,,,
MSFT.P.XNAS,XNAS,2025-09-15 13:34:31.500,T00000263,263,370.9,91,B,,,
MSFT.P.XNAS,XNAS,2025-09-15 13:34:31.700,T00000264,264,371.1,39,B,,,
MSFT.P.XNAS,XNAS,2025-09-15 13:34:32.700,T00000265,265,367.34000000000003,60,S,,,
MSFT.P.XNAS,XNAS,2025-09-15 13:34:34.400,T00000266,266,369.57,37,S,,,
MSFT.P.XNAS,XNAS,2025-09-15 13:34:34.700,T00000267,267,368.37,24,S,,,
MSFT.P.XNAS,XNAS,2025-09-15 13:34:36.000,T00000268,268,368.37,18,B,,,
MSFT.P.XNAS,XNAS,2025-09-15 13:34:36.500,T00000269,269,372.82,32,B,,,
MSFT.P.XNAS,XNAS,2025-09-15 13:34:36.700,T00000270,270,369.56,12,S,,,
MSFT.P.XNAS,XNAS,2025-09-15 13:34:36.900,T00000271,271,366.67,41,S,,,
MSFT.P.XNAS,XNAS,2025-09-15 13:34:38.700,T00000272,272,371.27,12,S,,,
MSFT.P.XNAS,XNAS,2025-09-15 13:34:42.600,T00000273,273,374.23,57,B,,,
MSFT.P.XNAS,XNAS,2025-09-15 13:34:43.500,T00000274,274,373.69,15,B,,,
MSFT.P.XNAS,XNAS,2025-09-15 13:34:43.700,T00000275,275,370.97,13,S,,,
MSFT.P.XNAS,XNAS,2025-09-15 13:34:44.000,T00000276,276,371.86,10,B,,,
MSFT.P.XNAS,XNAS,2025-09-15 13:34:44.200,T00000277,277,368.18,32,S,,,
MSFT.P.XNAS,XNAS,2025-09-15 13:34:45.100,T00000278,278,369.13,10,S,,,
MSFT.P.XNAS,XNAS,2025-09-15 13:34:46.700,T00000279,279,364.96000000000004,77,S,,,
MSFT.P.XNAS,XNAS,2025-09-15 13:34:48.200,T00000280,280,369.84000000000003,13,B,,,
MSFT.P.XNAS,XNAS,2025-09-15 13:34:49.500,T00000281,281,377.14,12,S,,,
MSFT.P.XNAS,XNAS,2025-09-15 13:34:49.900,T00000282,282,379.96,14,S,,,
MSFT.P.XNAS,XNAS,2025-09-15 13:34:54.700,T00000283,283,385.03000000000003,31,B,,,
MSFT.P.XNAS,XNAS,2025-09-15 13:34:55.700,T00000284,284,381.09000000000003,19,S,,,
MSFT.P.XNAS,XNAS,2025-09-15 13:34:57.400,T00000285,285,382.3,42,S,,,
MSFT.P.XNAS,XNAS,2025-09-15 13:34:58.800,T00000286,286,376.01,18,S,,,
MSFT.P.XNAS,XNAS,2025-09-15 13:34:58.900,T00000287,287,373.72,32,B,,,
MSFT.P.XNAS,XNAS,2025-09-15 13:34:59.400,T00000288,288,374.94,19,S,,,
MSFT.P.XNAS,XNAS,2025-09-15 13:34:59.500,T00000289,289,372.69,23,B,,,
MSFT.P.XNAS,XNAS,2025-09-15 13:35:00.000,T00000290,290,378.51,15,B,,,
MSFT.P.XNAS,XNAS,2025-09-15 13:35:00.100,T00000291,291,380.53000000000003,15,B,,,
MSFT.P.XNAS,XNAS,2025-09-15 13:35:01.000,T00000292,292,381.21,16,S,,,
MSFT.P.XNAS,XNAS,2025-09-15 13:35:01.100,T00000293,293,381.87,16,B,,,
MSFT.P.XNAS,XNAS,2025-09-15 13:35:02.000,T00000294,294,385.6,50,B,,,
MSFT.P.XNAS,XNAS,2025-09-15 13:35:02.600,T00000295,295,384.35,13,S,,,
MSFT.P.XNAS,XNAS,2025-09-15 13:35:06.200,T00000296,296,366.51,11,B,,,
MSFT.P.XNAS,XNAS,2025-09-15 13:35:07.200,T00000297,297,374.38,10,B,,,
MSFT.P.XNAS,XNAS,2025-09-15 13:35:07.900,T00000298,298,372.93,7,S,,,
MSFT.P.XNAS,XNAS,2025-09-15 13:35:08.600,T00000299,299,376.55,19,S,,,
MSFT.P.XNAS,XNAS,2025-09-15 13:35:09.000,T00000300,300,375.26,21,B,,,
MSFT.P.XNAS,XNAS,2025-09-15 13:35:09.100,T00000301,301,375.37,53,S,,,
MSFT.P.XNAS,XNAS,2025-09-15 13:35:09.600,T00000302,302,374.3,22,S,,,
MSFT.P.XNAS,XNAS,2025-09-15 13:35:10.700,T00000303,303,374.45,41,S,,,
MSFT.P.XNAS,XNAS,2025-09-15 13:35:11.100,T00000304,304,376.18,11,S,,,
MSFT.P.XNAS,XNAS,2025-09-15 13:35:12.700,T00000305,305,384.32,10,B,,,
MSFT.P.XNAS,XNAS,2025-09-15 13:35:12.800,T00000306,306,384.78000000000003,56,S,,,
MSFT.P.XNAS,XNAS,2025-09-15 13:35:14.800,T00000307,307,383.6,17,B,,,
MSFT.P.XNAS,XNAS,2025-09-15 13:35:15.500,T00000308,308,378.98,10,S,,,
MSFT.P.XNAS,XNAS,2025-09-15 13:35:15.800,T00000309,309,375.28000000000003,7,B,,,
MSFT.P.XNAS,XNAS,2025-09-15 13:35:16.300,T00000310,310,372.32,51,B,,,
MSFT.P.XNAS,XNAS,2025-09-15 13:35:16.900,T00000311,311,374.79,28,S,,,
MSFT.P.XNAS,XNAS,2025-09-15 13:35:17.800,T00000312,312,377.61,85,B,,,
MSFT.P.XNAS,XNAS,2025-09-15 13:35:18.000,T00000313,313,378.86,12,S,,,
MSFT.P.XNAS,XNAS,2025-09-15 13:35:18.500,T00000314,314,380.63,15,B,,,
MSFT.P.XNAS,XNAS,2025-09-15 13:35:19.300,T00000315,315,377.28000000000003,12,S,,,
MSFT.P.XNAS,XNAS,2025-09-15 13:35:19.800,T00000316,316,377.08,27,B,,,
MSFT.P.XNAS,XNAS,2025-09-15 13:35:20.500,T00000317,317,377.99,6,B,,,
MSFT.P.XNAS,XNAS,2025-09-15 13:35:20.600,T00000318,318,378.23,14,B,,,
MSFT.P.XNAS,XNAS,2025-09-15 13:35:22.100,T00000319,319,373.14,14,B,,,
MSFT.P.XNAS,XNAS,2025-09-15 13:35:22.200,T00000320,320,373.93,40,S,,,
MSFT.P.XNAS,XNAS,2025-09-15 13:35:22.800,T00000321,321,375.53000000000003,23,S,,,
MSFT.P.XNAS,XNAS,2025-09-15 13:35:23.700,T00000322,322,375.04,98,B,,,
MSFT.P.XNAS,XNAS,2025-09-15 13:35:23.800,T00000323,323,373.08,27,B,,,
MSFT.P.XNAS,XNAS,2025-09-15 13:35:24.200,T00000324,324,370.45,12,B,,,
MSFT.P.XNAS,XNAS,2025-09-15 13:35:25.600,T00000325,325,375.81,18,B,,,
MSFT.P.XNAS,XNAS,2025-09-15 13:35:26.700,T00000326,326,371.42,26,S,,,
MSFT.P.XNAS,XNAS,2025-09-15 13:35:27.800,T00000327,327,371.26,15,B,,,
MSFT.P.XNAS,XNAS,2025-09-15 13:35:28.000,T00000328,328,369.97,18,S,,,
MSFT.P.XNAS,XNAS,2025-09-15 13:35:29.600,T00000329,329,372.79,19,S,,,
MSFT.P.XNAS,XNAS,2025-09-15 13:35:30.400,T00000330,330,376.48,10,S,,,
MSFT.P.XNAS,XNAS,2025-09-15 13:35:30.600,T00000331,331,377.32,10,B,,,
MSFT.P.XNAS,XNAS,2025-09-15 13:35:32.200,T00000332,332,364.21,26,B,,,
MSFT.P.XNAS,XNAS,2025-09-15 13:35:33.400,T00000333,333,366.78000000000003,19,S,,,
MSFT.P.XNAS,XNAS,2025-09-15 13:35:34.300,T00000334,334,372.53,12,B,,,
MSFT.P.XNAS,XNAS,2025-09-15 13:35:35.700,T00000335,335,376.59000000000003,16,B,,,
MSFT.P.XNAS,XNAS,2025-09-15 13:35:36.100,T00000336,336,381.66,27,B,,,
MSFT.P.XNAS,XNAS,2025-09-15 13:35:36.400,T00000337,337,382.89,22,S,,,
MSFT.P.XNAS,XNAS,2025-09-15 13:35:36.500,T00000338,338,385.42,21,B,,,
MSFT.P.XNAS,XNAS,2025-09-15 13:35:38.100,T00000339,339,385.82,10,S,,,
MSFT.P.XNAS,XNAS,2025-09-15 13:35:39.100,T00000340,340,389.65000000000003,10,S,,,
MSFT.P.XNAS,XNAS,2025-09-15 13:35:40.000,T00000341,341,386.46000000000004,22,S,,,
MSFT.P.XNAS,XNAS,2025-09-15 13:35:40.800,T00000342,342,383.58,91,S,,,
MSFT.P.XNAS,XNAS,2025-09-15 13:35:41.500,T00000343,343,385.98,18,S,,,
MSFT.P.XNAS,XNAS,2025-09-15 13:35:42.600,T00000344,344,391.44,17,S,,,
MSFT.P.XNAS,XNAS,2025-09-15 13:35:42.800,T00000345,345,392.25,59,B,,,
MSFT.P.XNAS,XNAS,2025-09-15 13:35:43.200,T00000346,346,392.68,26,B,,,
MSFT.P.XNAS,XNAS,2025-09-15 13:35:43.800,T00000347,347,390.35,16,B,,,
MSFT.P.XNAS,XNAS,2025-09-15 13:35:43.900,T00000348,348,389.27,34,B,,,
MSFT.P.XNAS,XNAS,2025-09-15 13:35:45.900,T00000349,349,390.92,24,B,,,
MSFT.P.XNAS,XNAS,2025-09-15 13:35:46.200,T00000350,350,385.03000000000003,24,B,,,
MSFT.P.XNAS,XNAS,2025-09-15 13:35:46.400,T00000351,351,386.5,18,B,,,
MSFT.P.XNAS,XNAS,2025-09-15 13:35:47.900,T00000352,352,392.05,15,B,,,
MSFT.P.XNAS,XNAS,2025-09-15 13:35:49.300,T00000353,353,387.5,59,S,,,
MSFT.P.XNAS,XNAS,2025-09-15 13:35:49.600,T00000354,354,388.57,47,S,,,
MSFT.P.XNAS,XNAS,2025-09-15 13:35:50.400,T00000355,355,390.64,37,S,,,
MSFT.P.XNAS,XNAS,2025-09-15 13:35:52.300,T00000356,356,386.73,25,S,,,
MSFT.P.XNAS,XNAS,2025-09-15 13:35:52.400,T00000357,357,387.21000000000004,14,B,,,
MSFT.P.XNAS,XNAS,2025-09-15 13:35:52.500,T00000358,358,385.48,20,S,,,
MSFT.P.XNAS,XNAS,2025-09-15 13:35:53.300,T00000359,359,383.61,12,S,,,
MSFT.P.XNAS,XNAS,2025-09-15 13:35:53.700,T00000360,360,385.39,41,B,,,
MSFT.P.XNAS,XNAS,2025-09-15 13:35:54.300,T00000361,361,382.35,27,S,,,
MSFT.P.XNAS,XNAS,2025-09-15 13:35:56.500,T00000362,362,375.27,12,S,,,
MSFT.P.XNAS,XNAS,2025-09-15 13:35:57.300,T00000363,363,376.15000000000003,19,B,,,
MSFT.P.XNAS,XNAS,2025-09-15 13:35:57.400,T00000364,364,377.94,12,B,,,
MSFT.P.XNAS,XNAS,2025-09-15 13:35:59.200,T00000365,365,386.57,59,S,,,
MSFT.P.XNAS,XNAS,2025-09-15 13:35:59.700,T00000366,366,381.62,77,B,,,
MSFT.P.XNAS,XNAS,2025-09-15 13:36:00.600,T00000367,367,380.31,14,B,,,
MSFT.P.XNAS,XNAS,2025-09-15 13:36:00.700,T00000368,368,379.02,38,B,,,
MSFT.P.XNAS,XNAS,2025-09-15 13:36:00.900,T00000369,369,385.8,14,B,,,
MSFT.P.XNAS,XNAS,2025-09-15 13:36:02.100,T00000370,370,380.33,19,S,,,
MSFT.P.XNAS,XNAS,2025-09-15 13:36:03.700,T00000371,371,386.0,11,B,,,
MSFT.P.XNAS,XNAS,2025-09-15 13:36:05.700,T00000372,372,375.04,64,B,,,
MSFT.P.XNAS,XNAS,2025-09-15 13:36:06.300,T00000373,373,371.45,10,S,,,
MSFT.P.XNAS,XNAS,2025-09-15 13:36:06.500,T00000374,374,371.23,16,S,,,
MSFT.P.XNAS,XNAS,2025-09-15 13:36:07.000,T00000375,375,369.7,62,B,,,
MSFT.P.XNAS,XNAS,2025-09-15 13:36:09.500,T00000376,376,371.21999999999997,14,B,,,
MSFT.P.XNAS,XNAS,2025-09-15 13:36:10.500,T00000377,377,374.51,25,S,,,
MSFT.P.XNAS,XNAS,2025-09-15 13:36:11.500,T00000378,378,377.78,2,B,,,
MSFT.P.XNAS,XNAS,2025-09-15 13:36:11.800,T00000379,379,379.73,24,B,,,
MSFT.P.XNAS,XNAS,2025-09-15 13:36:15.300,T00000380,380,370.48,40,B,,,
MSFT.P.XNAS,XNAS,2025-09-15 13:36:15.900,T00000381,381,371.16,16,B,,,
MSFT.P.XNAS,XNAS,2025-09-15 13:36:16.600,T00000382,382,379.17,15,B,,,
MSFT.P.XNAS,XNAS,2025-09-15 13:36:17.300,T00000383,383,374.88,45,S,,,
MSFT.P.XNAS,XNAS,2025-09-15 13:36:18.900,T00000384,384,381.36,17,S,,,
MSFT.P.XNAS,XNAS,2025-09-15 13:36:19.000,T00000385,385,381.69,19,B,,,
MSFT.P.XNAS,XNAS,2025-09-15 13:36:20.500,T00000386,386,376.96,19,S,,,
MSFT.P.XNAS,XNAS,2025-09-15 13:36:21.200,T00000387,387,380.51,45,B,,,
MSFT.P.XNAS,XNAS,2025-09-15 13:36:21.400,T00000388,388,378.82,24,S,,,
MSFT.P.XNAS,XNAS,2025-09-15 13:36:22.900,T00000389,389,383.53000000000003,119,B,,,
MSFT.P.XNAS,XNAS,2025-09-15 13:36:23.000,T00000390,390,381.3,24,B,,,
MSFT.P.XNAS,XNAS,2025-09-15 13:36:23.600,T00000391,391,379.35,29,B,,,
MSFT.P.XNAS,XNAS,2025-09-15 13:36:27.500,T00000392,392,379.65000000000003,11,S,,,
MSFT.P.XNAS,XNAS,2025-09-15 13:36:28.400,T00000393,393,379.36,13,S,,,
MSFT.P.XNAS,XNAS,2025-09-15 13:36:29.200,T00000394,394,383.97,16,S,,,
MSFT.P.XNAS,XNAS,2025-09-15 13:36:30.100,T00000395,395,381.27,147,B,,,
MSFT.P.XNAS,XNAS,2025-09-15 13:36:31.100,T00000396,396,385.55,15,S,,,
MSFT.P.XNAS,XNAS,2025-09-15 13:36:31.600,T00000397,397,385.2,8,B,,,
MSFT.P.XNAS,XNAS,2025-09-15 13:36:32.900,T00000398,398,384.37,25,S,,,
MSFT.P.XNAS,XNAS,2025-09-15 13:36:33.500,T00000399,399,381.69,77,S,,,
MSFT.P.XNAS,XNAS,2025-09-15 13:36:33.800,T00000400,400,381.25,42,S,,,
MSFT.P.XNAS,XNAS,2025-09-15 13:36:34.400,T00000401,401,379.33,53,B,,,
MSFT.P.XNAS,XNAS,2025-09-15 13:36:35.400,T00000402,402,380.40000000000003,25,B,,,
MSFT.P.XNAS,XNAS,2025-09-15 13:36:35.900,T00000403,403,383.73,43,S,,,
MSFT.P.XNAS,XNAS,2025-09-15 13:36:36.200,T00000404,404,384.5,11,B,,,
MSFT.P.XNAS,XNAS,2025-09-15 13:36:37.600,T00000405,405,381.46000000000004,20,S,,,
MSFT.P.XNAS,XNAS,2025-09-15 13:36:38.300,T00000406,406,378.42,16,B,,,
MSFT.P.XNAS,XNAS,2025-09-15 13:36:42.500,T00000407,407,381.13,45,B,,,
MSFT.P.XNAS,XNAS,2025-09-15 13:36:42.900,T00000408,408,377.33,16,B,,,
MSFT.P.XNAS,XNAS,2025-09-15 13:36:43.500,T00000409,409,382.39,12,B,,,
MSFT.P.XNAS,XNAS,2025-09-15 13:36:46.200,T00000410,410,375.36,33,S,,,
MSFT.P.XNAS,XNAS,2025-09-15 13:36:46.900,T00000411,411,373.01,13,B,,,
MSFT.P.XNAS,XNAS,2025-09-15 13:36:47.100,T00000412,412,370.42,12,B,,,
MSFT.P.XNAS,XNAS,2025-09-15 13:36:48.800,T00000413,413,369.41,56,B,,,
MSFT.P.XNAS,XNAS,2025-09-15 13:36:50.300,T00000414,414,380.40000000000003,14,B,,,
MSFT.P.XNAS,XNAS,2025-09-15 13:36:50.900,T00000415,415,373.13,21,B,,,
MSFT.P.XNAS,XNAS,2025-09-15 13:36:52.600,T00000416,416,370.2,12,S,,,
MSFT.P.XNAS,XNAS,2025-09-15 13:36:53.200,T00000417,417,377.34000000000003,12,B,,,
MSFT.P.XNAS,XNAS,2025-09-15 13:36:53.500,T00000418,418,384.29,91,B,,,
MSFT.P.XNAS,XNAS,2025-09-15 13:36:53.700,T00000419,419,384.33,12,B,,,
MSFT.P.XNAS,XNAS,2025-09-15 13:36:54.000,T00000420,420,382.98,24,B,,,
MSFT.P.XNAS,XNAS,2025-09-15 13:36:54.900,T00000421,421,378.09000000000003,62,S,,,
MSFT.P.XNAS,XNAS,2025-09-15 13:36:56.400,T00000422,422,384.27,25,B,,,
MSFT.P.XNAS,XNAS,2025-09-15 13:36:57.300,T00000423,423,381.37,32,B,,,
MSFT.P.XNAS,XNAS,2025-09-15 13:36:59.200,T00000424,424,387.72,20,B,,,
MSFT.P.XNAS,XNAS,2025-09-15 13:37:00.100,T00000425,425,391.83,10,B,,,
MSFT.P.XNAS,XNAS,2025-09-15 13:37:01.500,T00000426,426,398.02,12,S,,,
MSFT.P.XNAS,XNAS,2025-09-15 13:37:02.000,T00000427,427,397.75,45,S,,,
MSFT.P.XNAS,XNAS,2025-09-15 13:37:02.800,T00000428,428,393.71000000000004,22,B,,,
MSFT.P.XNAS,XNAS,2025-09-15 13:37:03.600,T00000429,429,390.83,54,S,,,
MSFT.P.XNAS,XNAS,2025-09-15 13:37:05.200,T00000430,430,391.23,39,B,,,
MSFT.P.XNAS,XNAS,2025-09-15 13:37:05.800,T00000431,431,391.92,15,B,,,
MSFT.P.XNAS,XNAS,2025-09-15 13:37:08.900,T00000432,432,383.07,27,B,,,
MSFT.P.XNAS,XNAS,2025-09-15 13:37:09.100,T00000433,433,385.48,27,S,,,
MSFT.P.XNAS,XNAS,2025-09-15 13:37:09.400,T00000434,434,385.78000000000003,23,B,,,
MSFT.P.XNAS,XNAS,2025-09-15 13:37:09.900,T00000435,435,384.36,10,S,,,
MSFT.P.XNAS,XNAS,2025-09-15 13:37:11.900,T00000436,436,386.57,23,B,,,
MSFT.P.XNAS,XNAS,2025-09-15 13:37:12.500,T00000437,437,382.22,19,S,,,
MSFT.P.XNAS,XNAS,2025-09-15 13:37:13.500,T00000438,438,387.07,11,S,,,
MSFT.P.XNAS,XNAS,2025-09-15 13:37:13.700,T00000439,439,384.07,9,B,,,
MSFT.P.XNAS,XNAS,2025-09-15 13:37:14.800,T00000440,440,381.06,53,B,,,
MSFT.P.XNAS,XNAS,2025-09-15 13:37:16.300,T00000441,441,380.06,37,S,,,
MSFT.P.XNAS,XNAS,2025-09-15 13:37:18.800,T00000442,442,378.7,40,S,,,
MSFT.P.XNAS,XNAS,2025-09-15 13:37:20.000,T00000443,443,384.32,17,B,,,
MSFT.P.XNAS,XNAS,2025-09-15 13:37:20.100,T00000444,444,384.44,39,S,,,
MSFT.P.XNAS,XNAS,2025-09-15 13:37:20.200,T00000445,445,383.72,16,S,,,
MSFT.P.XNAS,XNAS,2025-09-15 13:37:20.400,T00000446,446,381.78000000000003,28,S,,,
MSFT.P.XNAS,XNAS,2025-09-15 13:37:21.100,T00000447,447,379.66,9,S,,,
MSFT.P.XNAS,XNAS,2025-09-15 13:37:23.600,T00000448,448,382.6,12,B,,,
MSFT.P.XNAS,XNAS,2025-09-15 13:37:24.700,T00000449,449,377.14,27,B,,,
MSFT.P.XNAS,XNAS,2025-09-15 13:37:24.800,T00000450,450,377.6,12,S,,,
MSFT.P.XNAS,XNAS,2025-09-15 13:37:26.100,T00000451,451,384.19,39,S,,,
MSFT.P.XNAS,XNAS,2025-09-15 13:37:28.800,T00000452,452,379.38,11,S,,,
MSFT.P.XNAS,XNAS,2025-09-15 13:37:29.000,T00000453,453,376.40000000000003,19,S,,,
MSFT.P.XNAS,XNAS,2025-09-15 13:37:29.600,T00000454,454,375.51,15,B,,,
MSFT.P.XNAS,XNAS,2025-09-15 13:37:29.800,T00000455,455,376.81,21,B,,,
MSFT.P.XNAS,XNAS,2025-09-15 13:37:31.200,T00000456,456,379.68,32,S,,,
MSFT.P.XNAS,XNAS,2025-09-15 13:37:33.500,T00000457,457,374.64,20,S,,,
MSFT.P.XNAS,XNAS,2025-09-15 13:37:34.600,T00000458,458,374.23,24,B,,,
MSFT.P.XNAS,XNAS,2025-09-15 13:37:34.900,T00000459,459,371.12,40,S,,,
MSFT.P.XNAS,XNAS,2025-09-15 13:37:36.000,T00000460,460,375.2,14,S,,,
MSFT.P.XNAS,XNAS,2025-09-15 13:37:36.100,T00000461,461,377.45,21,S,,,
MSFT.P.XNAS,XNAS,2025-09-15 13:37:36.800,T00000462,462,374.67,102,S,,,
MSFT.P.XNAS,XNAS,2025-09-15 13:37:37.700,T00000463,463,371.42,40,S,,,
MSFT.P.XNAS,XNAS,2025-09-15 13:37:38.600,T00000464,464,372.26,7,S,,,
MSFT.P.XNAS,XNAS,2025-09-15 13:37:42.000,T00000465,465,374.38,25,S,,,
MSFT.P.XNAS,XNAS,2025-09-15 13:37:43.400,T00000466,466,376.58,15,S,,,
MSFT.P.XNAS,XNAS,2025-09-15 13:37:43.700,T00000467,467,382.84,46,B,,,
MSFT.P.XNAS,XNAS,2025-09-15 13:37:43.900,T00000468,468,379.74,10,S,,,
MSFT.P.XNAS,XNAS,2025-09-15 13:37:45.000,T00000469,469,375.19,34,S,,,
MSFT.P.XNAS,XNAS,2025-09-15 13:37:46.600,T00000470,470,378.91,70,B,,,
MSFT.P.XNAS,XNAS,2025-09-15 13:37:46.700,T00000471,471,380.33,16,S,,,
MSFT.P.XNAS,XNAS,2025-09-15 13:37:46.900,T00000472,472,380.72,14,S,,,
MSFT.P.XNAS,XNAS,2025-09-15 13:37:50.400,T00000473,473,389.89,30,B,,,
MSFT.P.XNAS,XNAS,2025-09-15 13:37:51.500,T00000474,474,388.3,20,B,,,
MSFT.P.XNAS,XNAS,2025-09-15 13:37:51.700,T00000475,475,387.7,65,B,,,
MSFT.P.XNAS,XNAS,2025-09-15 13:37:51.800,T00000476,476,387.7,23,B,,,
MSFT.P.XNAS,XNAS,2025-09-15 13:37:52.000,T00000477,477,387.12,19,B,,,
MSFT.P.XNAS,XNAS,2025-09-15 13:37:52.900,T00000478,478,382.05,12,S,,,
MSFT.P.XNAS,XNAS,2025-09-15 13:37:54.000,T00000479,479,386.88,49,B,,,
MSFT.P.XNAS,XNAS,2025-09-15 13:37:55.500,T00000480,480,394.04,13,B,,,
MSFT.P.XNAS,XNAS,2025-09-15 13:37:56.400,T00000481,481,394.69,38,S,,,
MSFT.P.XNAS,XNAS,2025-09-15 13:37:56.600,T00000482,482,396.8,28,S,,,
MSFT.P.XNAS,XNAS,2025-09-15 13:37:57.400,T00000483,483,393.37,13,B,,,
MSFT.P.XNAS,XNAS,2025-09-15 13:37:58.900,T00000484,484,388.56,53,S,,,
MSFT.P.XNAS,XNAS,2025-09-15 13:37:59.800,T00000485,485,377.94,1,S,,,
MSFT.P.XNAS,XNAS,2025-09-15 13:38:00.000,T00000486,486,379.76,12,B,,,
MSFT.P.XNAS,XNAS,2025-09-15 13:38:00.900,T00000487,487,380.78000000000003,11,B,,,
MSFT.P.XNAS,XNAS,2025-09-15 13:38:01.300,T00000488,488,376.51,54,S,,,
MSFT.P.XNAS,XNAS,2025-09-15 13:38:03.400,T00000489,489,378.41,13,S,,,
MSFT.P.XNAS,XNAS,2025-09-15 13:38:04.600,T00000490,490,384.93,21,S,,,
MSFT.P.XNAS,XNAS,2025-09-15 13:38:04.700,T00000491,491,386.55,42,S,,,
MSFT.P.XNAS,XNAS,2025-09-15 13:38:05.000,T00000492,492,381.96,25,S,,,
MSFT.P.XNAS,XNAS,2025-09-15 13:38:05.200,T00000493,493,384.05,20,S,,,
MSFT.P.XNAS,XNAS,2025-09-15 13:38:06.000,T00000494,494,381.65000000000003,10,B,,,
MSFT.P.XNAS,XNAS,2025-09-15 13:38:06.900,T00000495,495,381.15000000000003,11,S,,,
MSFT.P.XNAS,XNAS,2025-09-15 13:38:07.400,T00000496,496,379.59000000000003,11,S,,,
MSFT.P.XNAS,XNAS,2025-09-15 13:38:09.500,T00000497,497,373.81,45,S,,,
MSFT.P.XNAS,XNAS,2025-09-15 13:38:10.900,T00000498,498,374.48,30,B,,,
MSFT.P.XNAS,XNAS,2025-09-15 13:38:12.100,T00000499,499,372.86,19,B,,,
MSFT.P.XNAS,XNAS,2025-09-15 13:38:12.400,T00000500,500,374.40000000000003,22,S,,,
MSFT.P.XNAS,XNAS,2025-09-15 13:38:14.300,T00000501,501,386.7,15,S,,,
MSFT.P.XNAS,XNAS,2025-09-15 13:38:14.600,T00000502,502,391.63,7,S,,,
MSFT.P.XNAS,XNAS,2025-09-15 13:38:15.400,T00000503,503,392.82,32,S,,,
MSFT.P.XNAS,XNAS,2025-09-15 13:38:16.300,T00000504,504,393.15000000000003,119,S,,,
MSFT.P.XNAS,XNAS,2025-09-15 13:38:19.200,T00000505,505,388.09000000000003,13,B,,,
MSFT.P.XNAS,XNAS,2025-09-15 13:38:19.700,T00000506,506,389.39,31,B,,,
MSFT.P.XNAS,XNAS,2025-09-15 13:38:20.800,T00000507,507,395.77,12,B,,,
MSFT.P.XNAS,XNAS,2025-09-15 13:38:21.300,T00000508,508,392.25,10,B,,,
MSFT.P.XNAS,XNAS,2025-09-15 13:38:21.900,T00000509,509,389.14,13,B,,,
MSFT.P.XNAS,XNAS,2025-09-15 13:38:23.200,T00000510,510,392.64,18,S,,,
MSFT.P.XNAS,XNAS,2025-09-15 13:38:24.400,T00000511,511,389.94,11,B,,,
MSFT.P.XNAS,XNAS,2025-09-15 13:38:25.100,T00000512,512,392.07,11,S,,,
MSFT.P.XNAS,XNAS,2025-09-15 13:38:29.500,T00000513,513,385.27,19,S,,,
MSFT.P.XNAS,XNAS,2025-09-15 13:38:29.800,T00000514,514,382.49,8,B,,,
MSFT.P.XNAS,XNAS,2025-09-15 13:38:31.900,T00000515,515,376.91,24,B,,,
MSFT.P.XNAS,XNAS,2025-09-15 13:38:32.300,T00000516,516,378.33,27,B,,,
MSFT.P.XNAS,XNAS,2025-09-15 13:38:32.400,T00000517,517,375.95,18,S,,,
MSFT.P.XNAS,XNAS,2025-09-15 13:38:32.700,T00000518,518,371.14,115,S,,,
MSFT.P.XNAS,XNAS,2025-09-15 13:38:33.400,T00000519,519,367.98,26,S,,,
MSFT.P.XNAS,XNAS,2025-09-15 13:38:33.600,T00000520,520,368.2,12,B,,,
MSFT.P.XNAS,XNAS,2025-09-15 13:38:34.000,T00000521,521,367.21,38,B,,,
MSFT.P.XNAS,XNAS,2025-09-15 13:38:35.400,T00000522,522,374.16,24,B,,,
MSFT.P.XNAS,XNAS,2025-09-15 13:38:35.500,T00000523,523,375.08,16,S,,,
MSFT.P.XNAS,XNAS,2025-09-15 13:38:35.600,T00000524,524,374.66,12,S,,,
MSFT.P.XNAS,XNAS,2025-09-15 13:38:36.300,T00000525,525,379.90000000000003,59,B,,,
MSFT.P.XNAS,XNAS,2025-09-15 13:38:36.600,T00000526,526,374.78000000000003,16,S,,,
MSFT.P.XNAS,XNAS,2025-09-15 13:38:38.100,T00000527,527,372.05,14,B,,,
MSFT.P.XNAS,XNAS,2025-09-15 13:38:38.900,T00000528,528,372.3,11,S,,,
MSFT.P.XNAS,XNAS,2025-09-15 13:38:40.400,T00000529,529,386.29,28,B,,,
MSFT.P.XNAS,XNAS,2025-09-15 13:38:41.500,T00000530,530,387.24,5,B,,,
MSFT.P.XNAS,XNAS,2025-09-15 13:38:42.700,T00000531,531,388.1,11,S,,,
MSFT.P.XNAS,XNAS,2025-09-15 13:38:43.700,T00000532,532,379.94,40,S,,,
MSFT.P.XNAS,XNAS,2025-09-15 13:38:44.600,T00000533,533,375.33,22,B,,,
MSFT.P.XNAS,XNAS,2025-09-15 13:38:45.700,T00000534,534,374.31,16,S,,,
MSFT.P.XNAS,XNAS,2025-09-15 13:38:45.800,T00000535,535,374.56,13,S,,,
MSFT.P.XNAS,XNAS,2025-09-15 13:38:46.600,T00000536,536,366.7,17,S,,,
MSFT.P.XNAS,XNAS,2025-09-15 13:38:48.100,T00000537,537,364.87,43,B,,,
MSFT.P.XNAS,XNAS,2025-09-15 13:38:50.800,T00000538,538,374.76,98,S,,,
MSFT.P.XNAS,XNAS,2025-09-15 13:38:51.200,T00000539,539,376.03000000000003,22,S,,,
MSFT.P.XNAS,XNAS,2025-09-15 13:38:52.100,T00000540,540,366.5,19,S,,,
MSFT.P.XNAS,XNAS,2025-09-15 13:38:57.100,T00000541,541,382.06,12,S,,,
MSFT.P.XNAS,XNAS,2025-09-15 13:38:59.500,T00000542,542,384.54,25,B,,,
MSFT.P.XNAS,XNAS,2025-09-15 13:39:01.000,T00000543,543,386.95,35,B,,,
MSFT.P.XNAS,XNAS,2025-09-15 13:39:01.100,T00000544,544,387.86,21,S,,,
MSFT.P.XNAS,XNAS,2025-09-15 13:39:02.700,T00000545,545,389.61,25,S,,,
MSFT.P.XNAS,XNAS,2025-09-15 13:39:03.100,T00000546,546,388.3,21,S,,,
MSFT.P.XNAS,XNAS,2025-09-15 13:39:03.200,T00000547,547,389.37,29,S,,,
MSFT.P.XNAS,XNAS,2025-09-15 13:39:04.300,T00000548,548,382.85,53,B,,,
MSFT.P.XNAS,XNAS,2025-09-15 13:39:04.400,T00000549,549,384.44,18,B,,,
MSFT.P.XNAS,XNAS,2025-09-15 13:39:05.600,T00000550,550,386.77,36,S,,,
MSFT.P.XNAS,XNAS,2025-09-15 13:39:05.800,T00000551,551,382.23,35,S,,,
MSFT.P.XNAS,XNAS,2025-09-15 13:39:06.100,T00000552,552,383.51,11,S,,,
MSFT.P.XNAS,XNAS,2025-09-15 13:39:07.800,T00000553,553,377.16,12,B,,,
MSFT.P.XNAS,XNAS,2025-09-15 13:39:07.900,T00000554,554,375.79,10,B,,,
MSFT.P.XNAS,XNAS,2025-09-15 13:39:09.500,T00000555,555,377.96999999999997,36,B,,,
MSFT.P.XNAS,XNAS,2025-09-15 13:39:09.600,T00000556,556,376.14,37,S,,,
MSFT.P.XNAS,XNAS,2025-09-15 13:39:12.200,T00000557,557,387.01,18,S,,,
MSFT.P.XNAS,XNAS,2025-09-15 13:39:14.300,T00000558,558,397.40000000000003,19,B,,,
MSFT.P.XNAS,XNAS,2025-09-15 13:39:15.200,T00000559,559,392.58,29,S,,,
MSFT.P.XNAS,XNAS,2025-09-15 13:39:18.200,T00000560,560,395.07,17,S,,,
MSFT.P.XNAS,XNAS,2025-09-15 13:39:18.400,T00000561,561,392.57,14,S,,,
MSFT.P.XNAS,XNAS,2025-09-15 13:39:19.100,T00000562,562,389.09000000000003,40,S,,,
MSFT.P.XNAS,XNAS,2025-09-15 13:39:19.400,T00000563,563,387.51,10,S,,,
MSFT.P.XNAS,XNAS,2025-09-15 13:39:19.900,T00000564,564,384.01,14,S,,,
MSFT.P.XNAS,XNAS,2025-09-15 13:39:21.300,T00000565,565,392.01,70,B,,,
MSFT.P.XNAS,XNAS,2025-09-15 13:39:25.000,T00000566,566,392.78000000000003,12,B,,,
MSFT.P.XNAS,XNAS,2025-09-15 13:39:26.700,T00000567,567,398.88,21,B,,,
MSFT.P.XNAS,XNAS,2025-09-15 13:39:27.800,T00000568,568,397.51,33,B,,,
MSFT.P.XNAS,XNAS,2025-09-15 13:39:27.900,T00000569,569,397.1,15,S,,,
MSFT.P.XNAS,XNAS,2025-09-15 13:39:29.500,T00000570,570,393.26,15,S,,,
MSFT.P.XNAS,XNAS,2025-09-15 13:39:30.300,T00000571,571,389.56,20,B,,,
MSFT.P.XNAS,XNAS,2025-09-15 13:39:31.200,T00000572,572,395.8,44,B,,,
MSFT.P.XNAS,XNAS,2025-09-15 13:39:32.800,T00000573,573,397.22,14,S,,,
MSFT.P.XNAS,XNAS,2025-09-15 13:39:33.000,T00000574,574,400.65000000000003,14,B,,,
MSFT.P.XNAS,XNAS,2025-09-15 13:39:33.400,T00000575,575,399.8,16,B,,,
MSFT.P.XNAS,XNAS,2025-09-15 13:39:34.400,T00000576,576,400.13,20,S,,,
MSFT.P.XNAS,XNAS,2025-09-15 13:39:36.000,T00000577,577,411.93,23,S,,,
MSFT.P.XNAS,XNAS,2025-09-15 13:39:36.600,T00000578,578,418.81,13,B,,,
MSFT.P.XNAS,XNAS,2025-09-15 13:39:36.900,T00000579,579,415.46000000000004,36,S,,,
MSFT.P.XNAS,XNAS,2025-09-15 13:39:40.200,T00000580,580,402.58,26,S,,,
MSFT.P.XNAS,XNAS,2025-09-15 13:39:40.500,T00000581,581,400.71000000000004,41,S,,,
MSFT.P.XNAS,XNAS,2025-09-15 13:39:43.300,T00000582,582,401.43,18,S,,,
MSFT.P.XNAS,XNAS,2025-09-15 13:39:43.600,T00000583,583,399.95,37,B,,,
MSFT.P.XNAS,XNAS,2025-09-15 13:39:44.000,T00000584,584,400.2,31,B,,,
MSFT.P.XNAS,XNAS,2025-09-15 13:39:46.000,T00000585,585,401.26,18,B,,,
MSFT.P.XNAS,XNAS,2025-09-15 13:39:46.400,T00000586,586,402.79,12,S,,,
MSFT.P.XNAS,XNAS,2025-09-15 13:39:46.500,T00000587,587,400.26,20,S,,,
MSFT.P.XNAS,XNAS,2025-09-15 13:39:48.100,T00000588,588,398.02,20,B,,,
MSFT.P.XNAS,XNAS,2025-09-15 13:39:49.200,T00000589,589,397.06,27,B,,,
MSFT.P.XNAS,XNAS,2025-09-15 13:39:50.000,T00000590,590,389.46000000000004,35,S,,,
MSFT.P.XNAS,XNAS,2025-09-15 13:39:50.100,T00000591,591,388.68,15,B,,,
MSFT.P.XNAS,XNAS,2025-09-15 13:39:50.500,T00000592,592,387.56,10,B,,,
MSFT.P.XNAS,XNAS,2025-09-15 13:39:51.100,T00000593,593,385.25,12,S,,,
MSFT.P.XNAS,XNAS,2025-09-15 13:39:53.200,T00000594,594,383.94,18,B,,,
MSFT.P.XNAS,XNAS,2025-09-15 13:39:53.700,T00000595,595,383.98,11,B,,,
MSFT.P.XNAS,XNAS,2025-09-15 13:39:53.800,T00000596,596,383.0,10,S,,,
MSFT.P.XNAS,XNAS,2025-09-15 13:39:53.900,T00000597,597,381.91,12,B,,,
MSFT.P.XNAS,XNAS,2025-09-15 13:39:54.100,T00000598,598,382.40000000000003,24,S,,,
MSFT.P.XNAS,XNAS,2025-09-15 13:39:54.800,T00000599,599,387.02,47,B,,,
MSFT.P.XNAS,XNAS,2025-09-15 13:39:55.500,T00000600,600,389.4,16,B,,,
MSFT.P.XNAS,XNAS,2025-09-15 13:39:55.800,T00000601,601,387.82,45,S,,,
MSFT.P.XNAS,XNAS,2025-09-15 13:39:56.100,T00000602,602,388.61,24,B,,,
MSFT.P.XNAS,XNAS,2025-09-15 13:39:56.500,T00000603,603,384.78000000000003,30,S,,,
MSFT.P.XNAS,XNAS,2025-09-15 13:39:56.600,T00000604,604,385.57,66,B,,,
MSFT.P.XNAS,XNAS,2025-09-15 13:39:59.700,T00000605,605,379.36,29,B,,,
MSFT.P.XNAS,XNAS,2025-09-15 13:40:00.200,T00000606,606,372.71,58,S,,,
MSFT.P.XNAS,XNAS,2025-09-15 13:40:00.900,T00000607,607,371.5,11,B,,,
MSFT.P.XNAS,XNAS,2025-09-15 13:40:01.300,T00000608,608,369.66,18,S,,,
MSFT.P.XNAS,XNAS,2025-09-15 13:40:01.600,T00000609,609,371.98,31,S,,,
MSFT.P.XNAS,XNAS,2025-09-15 13:40:02.400,T00000610,610,369.06,15,S,,,
MSFT.P.XNAS,XNAS,2025-09-15 13:40:03.200,T00000611,611,370.36,64,S,,,
MSFT.P.XNAS,XNAS,2025-09-15 13:40:04.600,T00000612,612,379.07,47,B,,,
MSFT.P.XNAS,XNAS,2025-09-15 13:40:06.100,T00000613,613,378.94,33,S,,,
MSFT.P.XNAS,XNAS,2025-09-15 13:40:07.600,T00000614,614,371.53000000000003,12,B,,,
MSFT.P.XNAS,XNAS,2025-09-15 13:40:08.300,T00000615,615,373.39,11,B,,,
MSFT.P.XNAS,XNAS,2025-09-15 13:40:08.400,T00000616,616,374.26,20,B,,,
MSFT.P.XNAS,XNAS,2025-09-15 13:40:09.000,T00000617,617,374.89,30,S,,,
MSFT.P.XNAS,XNAS,2025-09-15 13:40:09.100,T00000618,618,374.77,14,B,,,
MSFT.P.XNAS,XNAS,2025-09-15 13:40:10.000,T00000619,619,378.78000000000003,45,B,,,
MSFT.P.XNAS,XNAS,2025-09-15 13:40:10.400,T00000620,620,382.88,12,S,,,
MSFT.P.XNAS,XNAS,2025-09-15 13:40:10.500,T00000621,621,382.12,13,S,,,
MSFT.P.XNAS,XNAS,2025-09-15 13:40:11.500,T00000622,622,380.24,11,S,,,
MSFT.P.XNAS,XNAS,2025-09-15 13:40:15.500,T00000623,623,368.52,34,B,,,
MSFT.P.XNAS,XNAS,2025-09-15 13:40:20.500,T00000624,624,374.84000000000003,41,B,,,
MSFT.P.XNAS,XNAS,2025-09-15 13:40:21.900,T00000625,625,378.77,70,S,,,
MSFT.P.XNAS,XNAS,2025-09-15 13:40:23.200,T00000626,626,389.01,13,B,,,
MSFT.P.XNAS,XNAS,2025-09-15 13:40:23.300,T00000627,627,388.7,18,B,,,
MSFT.P.XNAS,XNAS,2025-09-15 13:40:24.900,T00000628,628,381.90000000000003,30,S,,,
MSFT.P.XNAS,XNAS,2025-09-15 13:40:26.200,T00000629,629,388.13,31,B,,,
MSFT.P.XNAS,XNAS,2025-09-15 13:40:27.500,T00000630,630,396.43,17,B,,,
MSFT.P.XNAS,XNAS,2025-09-15 13:40:28.400,T00000631,631,396.58,23,B,,,
MSFT.P.XNAS,XNAS,2025-09-15 13:40:28.900,T00000632,632,394.07,19,S,,,
MSFT.P.XNAS,XNAS,2025-09-15 13:40:29.300,T00000633,633,391.43,64,B,,,
MSFT.P.XNAS,XNAS,2025-09-15 13:40:29.900,T00000634,634,394.36,21,B,,,
MSFT.P.XNAS,XNAS,2025-09-15 13:40:30.700,T00000635,635,387.83,64,B,,,
MSFT.P.XNAS,XNAS,2025-09-15 13:40:32.000,T00000636,636,384.71000000000004,26,B,,,
MSFT.P.XNAS,XNAS,2025-09-15 13:40:32.900,T00000637,637,388.99,17,S,,,
MSFT.P.XNAS,XNAS,2025-09-15 13:40:34.000,T00000638,638,382.41,14,S,,,
MSFT.P.XNAS,XNAS,2025-09-15 13:40:34.400,T00000639,639,379.3,11,S,,,
MSFT.P.XNAS,XNAS,2025-09-15 13:40:34.500,T00000640,640,378.08,16,S,,,
MSFT.P.XNAS,XNAS,2025-09-15 13:40:35.300,T00000641,641,383.58,12,B,,,
MSFT.P.XNAS,XNAS,2025-09-15 13:40:36.200,T00000642,642,380.65000000000003,14,B,,,
MSFT.P.XNAS,XNAS,2025-09-15 13:40:37.300,T00000643,643,381.08,28,B,,,
MSFT.P.XNAS,XNAS,2025-09-15 13:40:37.400,T00000644,644,379.43,11,S,,,
MSFT.P.XNAS,XNAS,2025-09-15 13:40:38.100,T00000645,645,379.69,9,S,,,
MSFT.P.XNAS,XNAS,2025-09-15 13:40:38.700,T00000646,646,377.15000000000003,36,B,,,
MSFT.P.XNAS,XNAS,2025-09-15 13:40:39.800,T00000647,647,377.90000000000003,11,B,,,
MSFT.P.XNAS,XNAS,2025-09-15 13:40:40.000,T00000648,648,375.99,11,B,,,
MSFT.P.XNAS,XNAS,2025-09-15 13:40:41.100,T00000649,649,375.06,18,S,,,
MSFT.P.XNAS,XNAS,2025-09-15 13:40:41.200,T00000650,650,377.27,11,S,,,
MSFT.P.XNAS,XNAS,2025-09-15 13:40:41.600,T00000651,651,372.86,28,S,,,
MSFT.P.XNAS,XNAS,2025-09-15 13:40:43.800,T00000652,652,372.92,14,S,,,
MSFT.P.XNAS,XNAS,2025-09-15 13:40:48.100,T00000653,653,380.21,55,B,,,
MSFT.P.XNAS,XNAS,2025-09-15 13:40:48.600,T00000654,654,379.24,50,S,,,
MSFT.P.XNAS,XNAS,2025-09-15 13:40:49.000,T00000655,655,380.85,21,B,,,
MSFT.P.XNAS,XNAS,2025-09-15 13:40:50.000,T00000656,656,380.51,34,S,,,
MSFT.P.XNAS,XNAS,2025-09-15 13:40:51.200,T00000657,657,385.49,21,S,,,
MSFT.P.XNAS,XNAS,2025-09-15 13:40:51.600,T00000658,658,382.73,26,B,,,
MSFT.P.XNAS,XNAS,2025-09-15 13:40:51.900,T00000659,659,381.91,34,B,,,
MSFT.P.XNAS,XNAS,2025-09-15 13:40:52.500,T00000660,660,376.6,13,B,,,
MSFT.P.XNAS,XNAS,2025-09-15 13:40:52.800,T00000661,661,374.74,18,S,,,
MSFT.P.XNAS,XNAS,2025-09-15 13:40:55.300,T00000662,662,376.78000000000003,15,B,,,
MSFT.P.XNAS,XNAS,2025-09-15 13:40:55.500,T00000663,663,377.05,21,B,,,
MSFT.P.XNAS,XNAS,2025-09-15 13:40:56.700,T00000664,664,368.23,1,S,,,
MSFT.P.XNAS,XNAS,2025-09-15 13:40:57.700,T00000665,665,376.81,22,B,,,
MSFT.P.XNAS,XNAS,2025-09-15 13:40:58.200,T00000666,666,378.0,26,S,,,
MSFT.P.XNAS,XNAS,2025-09-15 13:40:58.400,T00000667,667,378.15000000000003,18,B,,,
MSFT.P.XNAS,XNAS,2025-09-15 13:40:58.900,T00000668,668,378.07,13,S,,,
MSFT.P.XNAS,XNAS,2025-09-15 13:40:59.400,T00000669,669,378.57,13,S,,,
MSFT.P.XNAS,XNAS,2025-09-15 13:40:59.800,T00000670,670,377.90000000000003,40,S,,,
MSFT.P.XNAS,XNAS,2025-09-15 13:41:00.600,T00000671,671,376.43,19,B,,,
MSFT.P.XNAS,XNAS,2025-09-15 13:41:02.100,T00000672,672,370.43,12,S,,,
MSFT.P.XNAS,XNAS,2025-09-15 13:41:04.000,T00000673,673,365.25,23,B,,,
MSFT.P.XNAS,XNAS,2025-09-15 13:41:05.600,T00000674,674,372.99,14,S,,,
MSFT.P.XNAS,XNAS,2025-09-15 13:41:06.900,T00000675,675,377.22,57,S,,,
MSFT.P.XNAS,XNAS,2025-09-15 13:41:07.100,T00000676,676,378.27,19,S,,,
MSFT.P.XNAS,XNAS,2025-09-15 13:41:07.700,T00000677,677,374.42,17,B,,,
MSFT.P.XNAS,XNAS,2025-09-15 13:41:10.300,T00000678,678,377.06,8,S,,,
MSFT.P.XNAS,XNAS,2025-09-15 13:41:10.900,T00000679,679,376.41,11,S,,,
MSFT.P.XNAS,XNAS,2025-09-15 13:41:11.600,T00000680,680,375.68,20,S,,,
MSFT.P.XNAS,XNAS,2025-09-15 13:41:12.800,T00000681,681,366.26,17,B,,,
MSFT.P.XNAS,XNAS,2025-09-15 13:41:13.100,T00000682,682,372.56,30,S,,,
MSFT.P.XNAS,XNAS,2025-09-15 13:41:13.300,T00000683,683,374.37,36,S,,,
MSFT.P.XNAS,XNAS,2025-09-15 13:41:13.900,T00000684,684,377.40000000000003,35,S,,,
MSFT.P.XNAS,XNAS,2025-09-15 13:41:15.000,T00000685,685,384.32,10,B,,,
MSFT.P.XNAS,XNAS,2025-09-15 13:41:15.200,T00000686,686,382.33,14,B,,,
MSFT.P.XNAS,XNAS,2025-09-15 13:41:16.200,T00000687,687,376.01,43,B,,,
MSFT.P.XNAS,XNAS,2025-09-15 13:41:16.400,T00000688,688,374.35,50,S,,,
MSFT.P.XNAS,XNAS,2025-09-15 13:41:16.900,T00000689,689,378.66,10,B,,,
MSFT.P.XNAS,XNAS,2025-09-15 13:41:17.200,T00000690,690,379.51,27,B,,,
MSFT.P.XNAS,XNAS,2025-09-15 13:41:18.500,T00000691,691,381.62,34,B,,,
MSFT.P.XNAS,XNAS,2025-09-15 13:41:19.400,T00000692,692,385.73,6,S,,,
MSFT.P.XNAS,XNAS,2025-09-15 13:41:21.900,T00000693,693,385.73,15,B,,,
MSFT.P.XNAS,XNAS,2025-09-15 13:41:24.700,T00000694,694,370.5,12,B,,,
MSFT.P.XNAS,XNAS,2025-09-15 13:41:27.300,T00000695,695,372.22,17,S,,,
MSFT.P.XNAS,XNAS,2025-09-15 13:41:27.400,T00000696,696,372.8,39,B,,,
MSFT.P.XNAS,XNAS,2025-09-15 13:41:28.500,T00000697,697,371.72,138,S,,,
MSFT.P.XNAS,XNAS,2025-09-15 13:41:29.000,T00000698,698,373.63,13,B,,,
MSFT.P.XNAS,XNAS,2025-09-15 13:41:31.200,T00000699,699,371.35,22,B,,,
MSFT.P.XNAS,XNAS,2025-09-15 13:41:31.400,T00000700,700,373.28000000000003,24,B,,,
MSFT.P.XNAS,XNAS,2025-09-15 13:41:32.100,T00000701,701,374.90000000000003,52,S,,,
MSFT.P.XNAS,XNAS,2025-09-15 13:41:32.500,T00000702,702,379.27,14,B,,,
MSFT.P.XNAS,XNAS,2025-09-15 13:41:33.300,T00000703,703,383.91,3,S,,,
MSFT.P.XNAS,XNAS,2025-09-15 13:41:33.400,T00000704,704,384.64,21,B,,,
MSFT.P.XNAS,XNAS,2025-09-15 13:41:34.200,T00000705,705,382.37,83,B,,,
MSFT.P.XNAS,XNAS,2025-09-15 13:41:34.800,T00000706,706,378.69,10,S,,,
MSFT.P.XNAS,XNAS,2025-09-15 13:41:34.900,T00000707,707,380.01,43,B,,,
MSFT.P.XNAS,XNAS,2025-09-15 13:41:36.700,T00000708,708,377.69,20,B,,,
MSFT.P.XNAS,XNAS,2025-09-15 13:41:37.100,T00000709,709,375.2,25,B,,,
MSFT.P.XNAS,XNAS,2025-09-15 13:41:37.200,T00000710,710,377.76,31,B,,,
MSFT.P.XNAS,XNAS,2025-09-15 13:41:38.000,T00000711,711,375.53000000000003,15,S,,,
MSFT.P.XNAS,XNAS,2025-09-15 13:41:38.500,T00000712,712,376.68,16,B,,,
MSFT.P.XNAS,XNAS,2025-09-15 13:41:38.900,T00000713,713,373.71,14,S,,,
MSFT.P.XNAS,XNAS,2025-09-15 13:41:41.000,T00000714,714,373.21,19,S,,,
MSFT.P.XNAS,XNAS,2025-09-15 13:41:41.800,T00000715,715,371.5,23,B,,,
MSFT.P.XNAS,XNAS,2025-09-15 13:41:42.900,T00000716,716,375.29,52,S,,,
MSFT.P.XNAS,XNAS,2025-09-15 13:41:43.900,T00000717,717,376.97,13,S,,,
MSFT.P.XNAS,XNAS,2025-09-15 13:41:44.800,T00000718,718,378.61,34,B,,,
MSFT.P.XNAS,XNAS,2025-09-15 13:41:47.000,T00000719,719,381.02,23,B,,,
MSFT.P.XNAS,XNAS,2025-09-15 13:41:47.800,T00000720,720,388.7,105,B,,,
MSFT.P.XNAS,XNAS,2025-09-15 13:41:48.100,T00000721,721,389.51,17,S,,,
MSFT.P.XNAS,XNAS,2025-09-15 13:41:49.200,T00000722,722,385.84,22,B,,,
MSFT.P.XNAS,XNAS,2025-09-15 13:41:49.700,T00000723,723,387.27,24,S,,,
MSFT.P.XNAS,XNAS,2025-09-15 13:41:49.900,T00000724,724,385.05,27,B,,,
MSFT.P.XNAS,XNAS,2025-09-15 13:41:50.100,T00000725,725,383.45,16,S,,,
MSFT.P.XNAS,XNAS,2025-09-15 13:41:50.600,T00000726,726,384.36,68,S,,,
MSFT.P.XNAS,XNAS,2025-09-15 13:41:52.600,T00000727,727,389.04,15,S,,,
MSFT.P.XNAS,XNAS,2025-09-15 13:41:54.500,T00000728,728,389.3,14,S,,,
MSFT.P.XNAS,XNAS,2025-09-15 13:41:54.800,T00000729,729,389.61,26,B,,,
MSFT.P.XNAS,XNAS,2025-09-15 13:41:55.800,T00000730,730,389.13,14,S,,,
MSFT.P.XNAS,XNAS,2025-09-15 13:41:57.100,T00000731,731,393.94,24,S,,,
MSFT.P.XNAS,XNAS,2025-09-15 13:41:59.000,T00000732,732,388.31,16,S,,,
MSFT.P.XNAS,XNAS,2025-09-15 13:41:59.200,T00000733,733,387.66,22,S,,,
MSFT.P.XNAS,XNAS,2025-09-15 13:42:00.000,T00000734,734,389.3,18,S,,,
MSFT.P.XNAS,XNAS,2025-09-15 13:42:00.400,T00000735,735,389.48,29,B,,,
MSFT.P.XNAS,XNAS,2025-09-15 13:42:01.300,T00000736,736,389.51,17,S,,,
MSFT.P.XNAS,XNAS,2025-09-15 13:42:01.500,T00000737,737,387.99,17,S,,,
MSFT.P.XNAS,XNAS,2025-09-15 13:42:04.200,T00000738,738,386.89,20,B,,,
MSFT.P.XNAS,XNAS,2025-09-15 13:42:06.700,T00000739,739,383.09000000000003,11,S,,,
MSFT.P.XNAS,XNAS,2025-09-15 13:42:06.800,T00000740,740,383.41,16,B,,,
MSFT.P.XNAS,XNAS,2025-09-15 13:42:08.300,T00000741,741,376.40000000000003,13,B,,,
MSFT.P.XNAS,XNAS,2025-09-15 13:42:09.100,T00000742,742,373.41,35,S,,,
MSFT.P.XNAS,XNAS,2025-09-15 13:42:09.500,T00000743,743,370.2,22,B,,,
MSFT.P.XNAS,XNAS,2025-09-15 13:42:11.500,T00000744,744,367.43,22,B,,,
MSFT.P.XNAS,XNAS,2025-09-15 13:42:12.500,T00000745,745,366.72,36,S,,,
MSFT.P.XNAS,XNAS,2025-09-15 13:42:12.600,T00000746,746,370.84000000000003,13,B,,,
MSFT.P.XNAS,XNAS,2025-09-15 13:42:12.700,T00000747,747,370.26,5,S,,,
MSFT.P.XNAS,XNAS,2025-09-15 13:42:12.900,T00000748,748,368.86,20,S,,,
MSFT.P.XNAS,XNAS,2025-09-15 13:42:14.100,T00000749,749,369.61,26,B,,,
MSFT.P.XNAS,XNAS,2025-09-15 13:42:14.300,T00000750,750,369.62,28,S,,,
MSFT.P.XNAS,XNAS,2025-09-15 13:42:15.500,T00000751,751,372.8,45,S,,,
MSFT.P.XNAS,XNAS,2025-09-15 13:42:16.300,T00000752,752,374.76,24,S,,,
MSFT.P.XNAS,XNAS,2025-09-15 13:42:16.500,T00000753,753,373.49,22,B,,,
MSFT.P.XNAS,XNAS,2025-09-15 13:42:16.600,T00000754,754,370.90000000000003,7,S,,,
MSFT.P.XNAS,XNAS,2025-09-15 13:42:20.400,T00000755,755,375.07,11,S,,,
MSFT.P.XNAS,XNAS,2025-09-15 13:42:23.000,T00000756,756,377.38,28,B,,,
MSFT.P.XNAS,XNAS,2025-09-15 13:42:23.200,T00000757,757,375.62,11,S,,,
MSFT.P.XNAS,XNAS,2025-09-15 13:42:23.300,T00000758,758,377.83,17,B,,,
MSFT.P.XNAS,XNAS,2025-09-15 13:42:24.200,T00000759,759,379.07,17,S,,,
MSFT.P.XNAS,XNAS,2025-09-15 13:42:24.500,T00000760,760,377.92,14,B,,,
MSFT.P.XNAS,XNAS,2025-09-15 13:42:25.000,T00000761,761,376.1,13,B,,,
MSFT.P.XNAS,XNAS,2025-09-15 13:42:25.600,T00000762,762,374.26,22,B,,,
MSFT.P.XNAS,XNAS,2025-09-15 13:42:26.000,T00000763,763,377.45,22,B,,,
MSFT.P.XNAS,XNAS,2025-09-15 13:42:26.900,T00000764,764,375.45,38,B,,,
MSFT.P.XNAS,XNAS,2025-09-15 13:42:28.300,T00000765,765,366.5,21,B,,,
MSFT.P.XNAS,XNAS,2025-09-15 13:42:28.500,T00000766,766,369.7,16,B,,,
MSFT.P.XNAS,XNAS,2025-09-15 13:42:29.000,T00000767,767,374.21,7,S,,,
MSFT.P.XNAS,XNAS,2025-09-15 13:42:29.700,T00000768,768,380.36,11,B,,,
MSFT.P.XNAS,XNAS,2025-09-15 13:42:30.300,T00000769,769,378.94,10,B,,,
MSFT.P.XNAS,XNAS,2025-09-15 13:42:31.400,T00000770,770,381.77,12,S,,,
MSFT.P.XNAS,XNAS,2025-09-15 13:42:31.900,T00000771,771,381.78000000000003,29,B,,,
MSFT.P.XNAS,XNAS,2025-09-15 13:42:33.300,T00000772,772,389.96000000000004,15,S,,,
MSFT.P.XNAS,XNAS,2025-09-15 13:42:33.400,T00000773,773,391.8,15,B,,,
MSFT.P.XNAS,XNAS,2025-09-15 13:42:35.000,T00000774,774,388.66,43,S,,,
MSFT.P.XNAS,XNAS,2025-09-15 13:42:35.100,T00000775,775,388.12,13,B,,,
MSFT.P.XNAS,XNAS,2025-09-15 13:42:35.800,T00000776,776,386.74,60,B,,,
MSFT.P.XNAS,XNAS,2025-09-15 13:42:36.100,T00000777,777,386.52,11,S,,,
MSFT.P.XNAS,XNAS,2025-09-15 13:42:36.600,T00000778,778,382.09000000000003,21,S,,,
MSFT.P.XNAS,XNAS,2025-09-15 13:42:37.300,T00000779,779,382.07,26,S,,,
MSFT.P.XNAS,XNAS,2025-09-15 13:42:37.600,T00000780,780,385.97,12,B,,,
MSFT.P.XNAS,XNAS,2025-09-15 13:42:37.800,T00000781,781,386.66,20,S,,,
MSFT.P.XNAS,XNAS,2025-09-15 13:42:38.500,T00000782,782,389.77,21,S,,,
MSFT.P.XNAS,XNAS,2025-09-15 13:42:39.400,T00000783,783,383.99,13,S,,,
MSFT.P.XNAS,XNAS,2025-09-15 13:42:39.900,T00000784,784,383.31,50,S,,,
MSFT.P.XNAS,XNAS,2025-09-15 13:42:40.000,T00000785,785,382.72,11,B,,,
MSFT.P.XNAS,XNAS,2025-09-15 13:42:40.100,T00000786,786,383.39,11,B,,,
MSFT.P.XNAS,XNAS,2025-09-15 13:42:40.300,T00000787,787,380.15000000000003,27,B,,,
MSFT.P.XNAS,XNAS,2025-09-15 13:42:41.500,T00000788,788,370.67,11,B,,,
MSFT.P.XNAS,XNAS,2025-09-15 13:42:41.900,T00000789,789,370.76,15,S,,,
MSFT.P.XNAS,XNAS,2025-09-15 13:42:43.300,T00000790,790,370.84000000000003,19,S,,,
MSFT.P.XNAS,XNAS,2025-09-15 13:42:43.800,T00000791,791,367.85,12,B,,,
MSFT.P.XNAS,XNAS,2025-09-15 13:42:44.700,T00000792,792,377.01,3,S,,,
MSFT.P.XNAS,XNAS,2025-09-15 13:42:46.000,T00000793,793,384.86,19,B,,,
MSFT.P.XNAS,XNAS,2025-09-15 13:42:46.400,T00000794,794,387.26,41,S,,,
MSFT.P.XNAS,XNAS,2025-09-15 13:42:47.700,T00000795,795,398.15000000000003,13,B,,,
MSFT.P.XNAS,XNAS,2025-09-15 13:42:48.800,T00000796,796,396.87,34,B,,,
MSFT.P.XNAS,XNAS,2025-09-15 13:42:49.300,T00000797,797,390.59000000000003,11,S,,,
MSFT.P.XNAS,XNAS,2025-09-15 13:42:50.000,T00000798,798,391.57,19,B,,,
MSFT.P.XNAS,XNAS,2025-09-15 13:42:52.500,T00000799,799,394.46000000000004,17,S,,,
MSFT.P.XNAS,XNAS,2025-09-15 13:42:55.200,T00000800,800,400.33,16,B,,,
MSFT.P.XNAS,XNAS,2025-09-15 13:42:56.100,T00000801,801,398.38,25,B,,,
MSFT.P.XNAS,XNAS,2025-09-15 13:42:57.200,T00000802,802,393.86,14,S,,,
MSFT.P.XNAS,XNAS,2025-09-15 13:43:00.500,T00000803,803,385.61,22,B,,,
MSFT.P.XNAS,XNAS,2025-09-15 13:43:00.600,T00000804,804,386.28000000000003,40,S,,,
MSFT.P.XNAS,XNAS,2025-09-15 13:43:01.000,T00000805,805,377.62,22,S,,,
MSFT.P.XNAS,XNAS,2025-09-15 13:43:01.300,T00000806,806,378.01,11,S,,,
MSFT.P.XNAS,XNAS,2025-09-15 13:43:01.700,T00000807,807,382.69,36,B,,,
MSFT.P.XNAS,XNAS,2025-09-15 13:43:01.900,T00000808,808,383.61,10,B,,,
MSFT.P.XNAS,XNAS,2025-09-15 13:43:02.700,T00000809,809,386.23,70,S,,,
MSFT.P.XNAS,XNAS,2025-09-15 13:43:03.000,T00000810,810,385.67,12,B,,,
MSFT.P.XNAS,XNAS,2025-09-15 13:43:05.100,T00000811,811,383.37,18,B,,,
MSFT.P.XNAS,XNAS,2025-09-15 13:43:05.300,T00000812,812,383.96000000000004,25,S,,,
MSFT.P.XNAS,XNAS,2025-09-15 13:43:05.900,T00000813,813,381.51,47,S,,,
MSFT.P.XNAS,XNAS,2025-09-15 13:43:07.500,T00000814,814,373.04,40,S,,,
MSFT.P.XNAS,XNAS,2025-09-15 13:43:08.100,T00000815,815,372.08,12,B,,,
MSFT.P.XNAS,XNAS,2025-09-15 13:43:08.700,T00000816,816,369.83,11,B,,,
MSFT.P.XNAS,XNAS,2025-09-15 13:43:09.200,T00000817,817,369.87,61,S,,,
MSFT.P.XNAS,XNAS,2025-09-15 13:43:09.500,T00000818,818,371.18,15,S,,,
MSFT.P.XNAS,XNAS,2025-09-15 13:43:10.200,T00000819,819,377.76,20,B,,,
MSFT.P.XNAS,XNAS,2025-09-15 13:43:10.500,T00000820,820,381.61,30,B,,,
MSFT.P.XNAS,XNAS,2025-09-15 13:43:11.200,T00000821,821,390.85,36,B,,,
MSFT.P.XNAS,XNAS,2025-09-15 13:43:11.900,T00000822,822,389.85,105,B,,,
MSFT.P.XNAS,XNAS,2025-09-15 13:43:14.600,T00000823,823,389.52,35,B,,,
MSFT.P.XNAS,XNAS,2025-09-15 13:43:16.800,T00000824,824,383.77,33,S,,,
MSFT.P.XNAS,XNAS,2025-09-15 13:43:16.900,T00000825,825,386.21000000000004,20,B,,,
MSFT.P.XNAS,XNAS,2025-09-15 13:43:18.000,T00000826,826,386.21000000000004,18,S,,,
MSFT.P.XNAS,XNAS,2025-09-15 13:43:18.800,T00000827,827,384.33,11,B,,,
MSFT.P.XNAS,XNAS,2025-09-15 13:43:19.500,T00000828,828,383.06,20,S,,,
MSFT.P.XNAS,XNAS,2025-09-15 13:43:22.200,T00000829,829,376.21,14,S,,,
MSFT.P.XNAS,XNAS,2025-09-15 13:43:23.000,T00000830,830,374.90000000000003,38,S,,,
MSFT.P.XNAS,XNAS,2025-09-15 13:43:25.700,T00000831,831,372.7,6,B,,,
MSFT.P.XNAS,XNAS,2025-09-15 13:43:26.600,T00000832,832,376.43,21,S,,,
MSFT.P.XNAS,XNAS,2025-09-15 13:43:27.300,T00000833,833,378.33,50,B,,,
MSFT.P.XNAS,XNAS,2025-09-15 13:43:28.200,T00000834,834,383.66,13,B,,,
MSFT.P.XNAS,XNAS,2025-09-15 13:43:29.800,T00000835,835,380.64,32,B,,,
MSFT.P.XNAS,XNAS,2025-09-15 13:43:30.200,T00000836,836,379.54,13,S,,,
MSFT.P.XNAS,XNAS,2025-09-15 13:43:31.500,T00000837,837,384.61,1,B,,,
MSFT.P.XNAS,XNAS,2025-09-15 13:43:31.700,T00000838,838,388.35,22,B,,,
MSFT.P.XNAS,XNAS,2025-09-15 13:43:32.700,T00000839,839,383.11,12,S,,,
MSFT.P.XNAS,XNAS,2025-09-15 13:43:33.500,T00000840,840,387.42,18,S,,,
MSFT.P.XNAS,XNAS,2025-09-15 13:43:35.100,T00000841,841,379.05,17,B,,,
MSFT.P.XNAS,XNAS,2025-09-15 13:43:36.100,T00000842,842,380.27,22,S,,,
MSFT.P.XNAS,XNAS,2025-09-15 13:43:36.400,T00000843,843,380.32,17,S,,,
MSFT.P.XNAS,XNAS,2025-09-15 13:43:37.000,T00000844,844,382.88,14,B,,,
MSFT.P.XNAS,XNAS,2025-09-15 13:43:37.200,T00000845,845,384.22,31,B,,,
MSFT.P.XNAS,XNAS,2025-09-15 13:43:38.600,T00000846,846,391.07,14,B,,,
MSFT.P.XNAS,XNAS,2025-09-15 13:43:39.500,T00000847,847,383.07,84,B,,,
MSFT.P.XNAS,XNAS,2025-09-15 13:43:41.000,T00000848,848,373.25,17,S,,,
MSFT.P.XNAS,XNAS,2025-09-15 13:43:42.200,T00000849,849,367.3,11,B,,,
MSFT.P.XNAS,XNAS,2025-09-15 13:43:42.700,T00000850,850,365.05,18,S,,,
MSFT.P.XNAS,XNAS,2025-09-15 13:43:46.000,T00000851,851,367.81,12,S,,,
MSFT.P.XNAS,XNAS,2025-09-15 13:43:47.600,T00000852,852,368.33,70,B,,,
MSFT.P.XNAS,XNAS,2025-09-15 13:43:49.100,T00000853,853,352.54,10,S,,,
MSFT.P.XNAS,XNAS,2025-09-15 13:43:50.800,T00000854,854,363.24,12,S,,,
MSFT.P.XNAS,XNAS,2025-09-15 13:43:52.100,T00000855,855,362.94,11,B,,,
MSFT.P.XNAS,XNAS,2025-09-15 13:43:57.500,T00000856,856,361.62,50,B,,,
MSFT.P.XNAS,XNAS,2025-09-15 13:43:58.000,T00000857,857,360.52,20,S,,,
MSFT.P.XNAS,XNAS,2025-09-15 13:43:58.700,T00000858,858,366.01,58,B,,,
MSFT.P.XNAS,XNAS,2025-09-15 13:43:59.000,T00000859,859,365.98,32,S,,,
MSFT.P.XNAS,XNAS,2025-09-15 13:43:59.700,T00000860,860,368.21999999999997,10,B,,,
MSFT.P.XNAS,XNAS,2025-09-15 13:44:00.300,T00000861,861,373.11,53,B,,,
MSFT.P.XNAS,XNAS,2025-09-15 13:44:00.700,T00000862,862,380.35,18,B,,,
MSFT.P.XNAS,XNAS,2025-09-15 13:44:02.700,T00000863,863,384.2,50,B,,,
MSFT.P.XNAS,XNAS,2025-09-15 13:44:02.800,T00000864,864,382.33,20,S,,,
MSFT.P.XNAS,XNAS,2025-09-15 13:44:03.600,T00000865,865,384.88,11,B,,,
MSFT.P.XNAS,XNAS,2025-09-15 13:44:04.000,T00000866,866,384.32,13,B,,,
MSFT.P.XNAS,XNAS,2025-09-15 13:44:04.800,T00000867,867,385.27,11,B,,,
MSFT.P.XNAS,XNAS,2025-09-15 13:44:05.000,T00000868,868,385.09000000000003,12,B,,,
MSFT.P.XNAS,XNAS,2025-09-15 13:44:05.600,T00000869,869,384.5,16,B,,,
MSFT.P.XNAS,XNAS,2025-09-15 13:44:06.000,T00000870,870,383.65000000000003,30,B,,,
MSFT.P.XNAS,XNAS,2025-09-15 13:44:08.500,T00000871,871,382.01,12,S,,,
MSFT.P.XNAS,XNAS,2025-09-15 13:44:09.800,T00000872,872,380.48,45,B,,,
MSFT.P.XNAS,XNAS,2025-09-15 13:44:10.400,T00000873,873,380.90000000000003,12,S,,,
MSFT.P.XNAS,XNAS,2025-09-15 13:44:10.900,T00000874,874,385.01,16,B,,,
MSFT.P.XNAS,XNAS,2025-09-15 13:44:12.200,T00000875,875,395.34000000000003,12,B,,,
MSFT.P.XNAS,XNAS,2025-09-15 13:44:13.500,T00000876,876,390.95,20,B,,,
MSFT.P.XNAS,XNAS,2025-09-15 13:44:15.900,T00000877,877,391.44,31,S,,,
MSFT.P.XNAS,XNAS,2025-09-15 13:44:17.000,T00000878,878,393.69,41,B,,,
MSFT.P.XNAS,XNAS,2025-09-15 13:44:17.100,T00000879,879,393.16,23,S,,,
MSFT.P.XNAS,XNAS,2025-09-15 13:44:17.600,T00000880,880,392.84000000000003,16,S,,,
MSFT.P.XNAS,XNAS,2025-09-15 13:44:19.700,T00000881,881,392.03000000000003,11,B,,,
MSFT.P.XNAS,XNAS,2025-09-15 13:44:21.000,T00000882,882,382.89,13,S,,,
MSFT.P.XNAS,XNAS,2025-09-15 13:44:21.500,T00000883,883,381.22,14,S,,,
MSFT.P.XNAS,XNAS,2025-09-15 13:44:21.800,T00000884,884,377.71,9,S,,,
MSFT.P.XNAS,XNAS,2025-09-15 13:44:22.000,T00000885,885,376.02,20,S,,,
MSFT.P.XNAS,XNAS,2025-09-15 13:44:22.100,T00000886,886,375.18,11,B,,,
MSFT.P.XNAS,XNAS,2025-09-15 13:44:23.700,T00000887,887,378.73,23,S,,,
MSFT.P.XNAS,XNAS,2025-09-15 13:44:25.800,T00000888,888,379.55,12,S,,,
MSFT.P.XNAS,XNAS,2025-09-15 13:44:26.000,T00000889,889,380.46,1,S,,,
MSFT.P.XNAS,XNAS,2025-09-15 13:44:27.900,T00000890,890,389.1,13,B,,,
MSFT.P.XNAS,XNAS,2025-09-15 13:44:29.300,T00000891,891,385.91,48,S,,,
MSFT.P.XNAS,XNAS,2025-09-15 13:44:31.000,T00000892,892,384.55,54,B,,,
MSFT.P.XNAS,XNAS,2025-09-15 13:44:31.300,T00000893,893,385.49,44,S,,,
MSFT.P.XNAS,XNAS,2025-09-15 13:44:31.700,T00000894,894,384.56,27,B,,,
MSFT.P.XNAS,XNAS,2025-09-15 13:44:31.800,T00000895,895,384.59000000000003,16,S,,,
MSFT.P.XNAS,XNAS,2025-09-15 13:44:32.300,T00000896,896,380.52,12,S,,,
MSFT.P.XNAS,XNAS,2025-09-15 13:44:36.000,T00000897,897,379.26,13,B,,,
MSFT.P.XNAS,XNAS,2025-09-15 13:44:36.100,T00000898,898,375.63,11,S,,,
MSFT.P.XNAS,XNAS,2025-09-15 13:44:36.200,T00000899,899,372.43,17,S,,,
MSFT.P.XNAS,XNAS,2025-09-15 13:44:37.300,T00000900,900,374.67,15,B,,,
MSFT.P.XNAS,XNAS,2025-09-15 13:44:37.500,T00000901,901,374.2,16,B,,,
MSFT.P.XNAS,XNAS,2025-09-15 13:44:37.800,T00000902,902,373.7,15,S,,,
MSFT.P.XNAS,XNAS,2025-09-15 13:44:38.200,T00000903,903,374.01,11,B,,,
MSFT.P.XNAS,XNAS,2025-09-15 13:44:38.900,T00000904,904,376.17,12,B,,,
MSFT.P.XNAS,XNAS,2025-09-15 13:44:39.500,T00000905,905,375.11,12,S,,,
MSFT.P.XNAS,XNAS,2025-09-15 13:44:39.800,T00000906,906,377.93,37,B,,,
MSFT.P.XNAS,XNAS,2025-09-15 13:44:39.900,T00000907,907,378.79,15,S,,,
MSFT.P.XNAS,XNAS,2025-09-15 13:44:42.200,T00000908,908,387.21000000000004,17,B,,,
MSFT.P.XNAS,XNAS,2025-09-15 13:44:43.700,T00000909,909,379.69,91,B,,,
MSFT.P.XNAS,XNAS,2025-09-15 13:44:44.900,T00000910,910,385.86,16,B,,,
MSFT.P.XNAS,XNAS,2025-09-15 13:44:45.200,T00000911,911,385.72,23,B,,,
MSFT.P.XNAS,XNAS,2025-09-15 13:44:46.700,T00000912,912,382.74,38,S,,,
MSFT.P.XNAS,XNAS,2025-09-15 13:44:46.800,T00000913,913,383.37,17,S,,,
MSFT.P.XNAS,XNAS,2025-09-15 13:44:47.300,T00000914,914,384.55,15,S,,,
MSFT.P.XNAS,XNAS,2025-09-15 13:44:48.900,T00000915,915,382.46000000000004,28,B,,,
MSFT.P.XNAS,XNAS,2025-09-15 13:44:50.800,T00000916,916,385.98,16,B,,,
MSFT.P.XNAS,XNAS,2025-09-15 13:44:53.800,T00000917,917,394.35,22,S,,,
MSFT.P.XNAS,XNAS,2025-09-15 13:44:56.900,T00000918,918,387.65000000000003,50,B,,,
MSFT.P.XNAS,XNAS,2025-09-15 13:44:57.000,T00000919,919,387.13,25,S,,,
MSFT.P.XNAS,XNAS,2025-09-15 13:44:57.400,T00000920,920,384.81,24,S,,,
MSFT.P.XNAS,XNAS,2025-09-15 13:44:59.600,T00000921,921,378.39,40,B,,,
MSFT.P.XNAS,XNAS,2025-09-15 13:45:00.700,T00000922,922,377.76,18,B,,,
MSFT.P.XNAS,XNAS,2025-09-15 13:45:01.000,T00000923,923,378.96,19,B,,,
MSFT.P.XNAS,XNAS,2025-09-15 13:45:01.800,T00000924,924,374.17,21,S,,,
MSFT.P.XNAS,XNAS,2025-09-15 13:45:02.100,T00000925,925,377.15000000000003,44,S,,,
MSFT.P.XNAS,XNAS,2025-09-15 13:45:03.200,T00000926,926,379.94,28,S,,,
MSFT.P.XNAS,XNAS,2025-09-15 13:45:04.100,T00000927,927,373.59000000000003,26,S,,,
MSFT.P.XNAS,XNAS,2025-09-15 13:45:04.600,T00000928,928,380.79,20,B,,,
MSFT.P.XNAS,XNAS,2025-09-15 13:45:05.400,T00000929,929,384.12,25,B,,,
MSFT.P.XNAS,XNAS,2025-09-15 13:45:08.500,T00000930,930,388.27,63,S,,,
MSFT.P.XNAS,XNAS,2025-09-15 13:45:08.600,T00000931,931,389.34000000000003,12,B,,,
MSFT.P.XNAS,XNAS,2025-09-15 13:45:08.700,T00000932,932,388.69,16,S,,,
MSFT.P.XNAS,XNAS,2025-09-15 13:45:09.200,T00000933,933,387.8,14,S,,,
MSFT.P.XNAS,XNAS,2025-09-15 13:45:09.700,T00000934,934,387.24,16,B,,,
MSFT.P.XNAS,XNAS,2025-09-15 13:45:10.000,T00000935,935,388.94,77,S,,,
MSFT.P.XNAS,XNAS,2025-09-15 13:45:11.500,T00000936,936,387.56,20,S,,,
MSFT.P.XNAS,XNAS,2025-09-15 13:45:12.200,T00000937,937,384.24,13,B,,,
MSFT.P.XNAS,XNAS,2025-09-15 13:45:12.600,T00000938,938,382.01,10,S,,,
MSFT.P.XNAS,XNAS,2025-09-15 13:45:12.900,T00000939,939,383.35,13,B,,,
MSFT.P.XNAS,XNAS,2025-09-15 13:45:15.400,T00000940,940,374.8,147,B,,,
MSFT.P.XNAS,XNAS,2025-09-15 13:45:15.900,T00000941,941,370.27,26,S,,,
MSFT.P.XNAS,XNAS,2025-09-15 13:45:16.700,T00000942,942,367.8,30,B,,,
MSFT.P.XNAS,XNAS,2025-09-15 13:45:17.900,T00000943,943,361.25,15,B,,,
MSFT.P.XNAS,XNAS,2025-09-15 13:45:18.400,T00000944,944,361.81,16,S,,,
MSFT.P.XNAS,XNAS,2025-09-15 13:45:19.000,T00000945,945,372.15000000000003,91,B,,,
MSFT.P.XNAS,XNAS,2025-09-15 13:45:20.500,T00000946,946,374.83,8,B,,,
MSFT.P.XNAS,XNAS,2025-09-15 13:45:20.600,T00000947,947,372.51,12,B,,,
MSFT.P.XNAS,XNAS,2025-09-15 13:45:21.000,T00000948,948,371.0,31,S,,,
MSFT.P.XNAS,XNAS,2025-09-15 13:45:21.700,T00000949,949,372.13,13,S,,,
MSFT.P.XNAS,XNAS,2025-09-15 13:45:24.700,T00000950,950,376.35,20,S,,,
MSFT.P.XNAS,XNAS,2025-09-15 13:45:25.800,T00000951,951,379.62,13,B,,,
MSFT.P.XNAS,XNAS,2025-09-15 13:45:26.800,T00000952,952,381.88,10,B,,,
MSFT.P.XNAS,XNAS,2025-09-15 13:45:27.200,T00000953,953,376.71,13,S,,,
MSFT.P.XNAS,XNAS,2025-09-15 13:45:28.300,T00000954,954,383.48,7,S,,,
MSFT.P.XNAS,XNAS,2025-09-15 13:45:28.600,T00000955,955,385.49,14,B,,,
MSFT.P.XNAS,XNAS,2025-09-15 13:45:29.600,T00000956,956,383.24,16,S,,,
MSFT.P.XNAS,XNAS,2025-09-15 13:45:30.000,T00000957,957,379.72,12,S,,,
MSFT.P.XNAS,XNAS,2025-09-15 13:45:31.200,T00000958,958,381.03000000000003,16,S,,,
MSFT.P.XNAS,XNAS,2025-09-15 13:45:31.900,T00000959,959,381.83,13,B,,,
MSFT.P.XNAS,XNAS,2025-09-15 13:45:33.900,T00000960,960,382.92,13,B,,,
MSFT.P.XNAS,XNAS,2025-09-15 13:45:34.100,T00000961,961,379.03000000000003,11,S,,,
MSFT.P.XNAS,XNAS,2025-09-15 13:45:35.100,T00000962,962,377.82,21,B,,,
MSFT.P.XNAS,XNAS,2025-09-15 13:45:35.400,T00000963,963,376.64,11,B,,,
MSFT.P.XNAS,XNAS,2025-09-15 13:45:36.200,T00000964,964,374.67,21,B,,,
MSFT.P.XNAS,XNAS,2025-09-15 13:45:36.600,T00000965,965,374.62,10,B,,,
MSFT.P.XNAS,XNAS,2025-09-15 13:45:36.800,T00000966,966,379.99,22,B,,,
MSFT.P.XNAS,XNAS,2025-09-15 13:45:37.200,T00000967,967,377.25,21,B,,,
MSFT.P.XNAS,XNAS,2025-09-15 13:45:37.900,T00000968,968,375.68,14,S,,,
MSFT.P.XNAS,XNAS,2025-09-15 13:45:38.100,T00000969,969,378.11,11,B,,,
MSFT.P.XNAS,XNAS,2025-09-15 13:45:38.200,T00000970,970,375.61,15,B,,,
MSFT.P.XNAS,XNAS,2025-09-15 13:45:38.700,T00000971,971,375.27,12,S,,,
MSFT.P.XNAS,XNAS,2025-09-15 13:45:39.900,T00000972,972,376.8,33,S,,,
MSFT.P.XNAS,XNAS,2025-09-15 13:45:42.000,T00000973,973,374.08,17,B,,,
MSFT.P.XNAS,XNAS,2025-09-15 13:45:42.100,T00000974,974,374.74,14,B,,,
MSFT.P.XNAS,XNAS,2025-09-15 13:45:42.300,T00000975,975,375.8,30,B,,,
MSFT.P.XNAS,XNAS,2025-09-15 13:45:43.200,T00000976,976,378.75,20,B,,,
MSFT.P.XNAS,XNAS,2025-09-15 13:45:43.400,T00000977,977,379.46,16,S,,,
MSFT.P.XNAS,XNAS,2025-09-15 13:45:45.100,T00000978,978,385.90000000000003,25,S,,,
MSFT.P.XNAS,XNAS,2025-09-15 13:45:45.400,T00000979,979,382.07,19,B,,,
MSFT.P.XNAS,XNAS,2025-09-15 13:45:45.600,T00000980,980,379.43,24,B,,,
MSFT.P.XNAS,XNAS,2025-09-15 13:45:47.200,T00000981,981,377.39,17,S,,,
MSFT.P.XNAS,XNAS,2025-09-15 13:45:47.900,T00000982,982,375.55,19,S,,,
MSFT.P.XNAS,XNAS,2025-09-15 13:45:49.200,T00000983,983,376.43,49,S,,,
MSFT.P.XNAS,XNAS,2025-09-15 13:45:50.100,T00000984,984,382.31,12,S,,,
MSFT.P.XNAS,XNAS,2025-09-15 13:45:50.500,T00000985,985,382.63,14,B,,,
MSFT.P.XNAS,XNAS,2025-09-15 13:45:51.800,T00000986,986,376.34000000000003,56,B,,,
MSFT.P.XNAS,XNAS,2025-09-15 13:45:52.900,T00000987,987,384.1,16,B,,,
MSFT.P.XNAS,XNAS,2025-09-15 13:45:55.200,T00000988,988,378.54,17,B,,,
MSFT.P.XNAS,XNAS,2025-09-15 13:45:58.300,T00000989,989,392.08000000000004,11,S,,,
MSFT.P.XNAS,XNAS,2025-09-15 13:46:00.100,T00000990,990,397.89,16,S,,,
MSFT.P.XNAS,XNAS,2025-09-15 13:46:00.600,T00000991,991,395.23,14,B,,,
MSFT.P.XNAS,XNAS,2025-09-15 13:46:00.700,T00000992,992,392.59000000000003,112,S,,,
MSFT.P.XNAS,XNAS,2025-09-15 13:46:03.200,T00000993,993,393.82,10,B,,,
MSFT.P.XNAS,XNAS,2025-09-15 13:46:03.400,T00000994,994,394.11,105,S,,,
MSFT.P.XNAS,XNAS,2025-09-15 13:46:04.400,T00000995,995,379.94,10,S,,,
MSFT.P.XNAS,XNAS,2025-09-15 13:46:05.200,T00000996,996,378.06,10,B,,,
MSFT.P.XNAS,XNAS,2025-09-15 13:46:06.100,T00000997,997,372.97,84,B,,,
MSFT.P.XNAS,XNAS,2025-09-15 13:46:06.800,T00000998,998,379.08,14,S,,,
MSFT.P.XNAS,XNAS,2025-09-15 13:46:08.100,T00000999,999,378.82,11,B,,,
MSFT.P.XNAS,XNAS,2025-09-15 13:46:08.900,T00001000,1000,382.6,24,B,,,
MSFT.P.XNAS,XNAS,2025-09-15 13:46:09.100,T00001001,1001,381.67,81,B,,,
MSFT.P.XNAS,XNAS,2025-09-15 13:46:11.500,T00001002,1002,379.78000000000003,17,B,,,
MSFT.P.XNAS,XNAS,2025-09-15 13:46:12.800,T00001003,1003,385.2,38,B,,,
MSFT.P.XNAS,XNAS,2025-09-15 13:46:13.400,T00001004,1004,387.38,19,B,,,
MSFT.P.XNAS,XNAS,2025-09-15 13:46:14.300,T00001005,1005,380.66,13,S,,,
MSFT.P.XNAS,XNAS,2025-09-15 13:46:14.400,T00001006,1006,379.7,12,S,,,
MSFT.P.XNAS,XNAS,2025-09-15 13:46:17.600,T00001007,1007,371.58,12,B,,,
MSFT.P.XNAS,XNAS,2025-09-15 13:46:18.700,T00001008,1008,365.96,91,S,,,
MSFT.P.XNAS,XNAS,2025-09-15 13:46:19.400,T00001009,1009,367.47,23,S,,,
MSFT.P.XNAS,XNAS,2025-09-15 13:46:23.000,T00001010,1010,377.18,27,B,,,
MSFT.P.XNAS,XNAS,2025-09-15 13:46:23.400,T00001011,1011,381.62,48,S,,,
MSFT.P.XNAS,XNAS,2025-09-15 13:46:23.700,T00001012,1012,380.94,19,S,,,
MSFT.P.XNAS,XNAS,2025-09-15 13:46:23.900,T00001013,1013,382.19,30,B,,,
MSFT.P.XNAS,XNAS,2025-09-15 13:46:24.000,T00001014,1014,381.23,17,B,,,
MSFT.P.XNAS,XNAS,2025-09-15 13:46:24.900,T00001015,1015,384.94,13,B,,,
MSFT.P.XNAS,XNAS,2025-09-15 13:46:25.100,T00001016,1016,385.78000000000003,28,S,,,
MSFT.P.XNAS,XNAS,2025-09-15 13:46:25.300,T00001017,1017,384.12,18,B,,,
MSFT.P.XNAS,XNAS,2025-09-15 13:46:26.300,T00001018,1018,375.62,17,S,,,
MSFT.P.XNAS,XNAS,2025-09-15 13:46:26.400,T00001019,1019,377.87,13,S,,,
MSFT.P.XNAS,XNAS,2025-09-15 13:46:26.600,T00001020,1020,376.48,26,S,,,
MSFT.P.XNAS,XNAS,2025-09-15 13:46:26.700,T00001021,1021,378.41,14,S,,,
MSFT.P.XNAS,XNAS,2025-09-15 13:46:27.100,T00001022,1022,376.98,18,B,,,
MSFT.P.XNAS,XNAS,2025-09-15 13:46:27.500,T00001023,1023,376.51,10,S,,,
MSFT.P.XNAS,XNAS,2025-09-15 13:46:29.500,T00001024,1024,374.49,13,S,,,
MSFT.P.XNAS,XNAS,2025-09-15 13:46:30.000,T00001025,1025,379.65000000000003,17,B,,,
MSFT.P.XNAS,XNAS,2025-09-15 13:46:31.100,T00001026,1026,384.41,12,S,,,
MSFT.P.XNAS,XNAS,2025-09-15 13:46:31.300,T00001027,1027,385.69,10,B,,,
MSFT.P.XNAS,XNAS,2025-09-15 13:46:33.700,T00001028,1028,389.18,16,B,,,
MSFT.P.XNAS,XNAS,2025-09-15 13:46:35.700,T00001029,1029,393.71000000000004,6,S,,,
MSFT.P.XNAS,XNAS,2025-09-15 13:46:38.100,T00001030,1030,387.26,57,B,,,
MSFT.P.XNAS,XNAS,2025-09-15 13:46:38.800,T00001031,1031,391.6,41,B,,,
MSFT.P.XNAS,XNAS,2025-09-15 13:46:38.900,T00001032,1032,390.29,12,B,,,
MSFT.P.XNAS,XNAS,2025-09-15 13:46:39.300,T00001033,1033,385.89,23,B,,,
MSFT.P.XNAS,XNAS,2025-09-15 13:46:39.900,T00001034,1034,385.33,25,B,,,
MSFT.P.XNAS,XNAS,2025-09-15 13:46:41.400,T00001035,1035,381.90000000000003,10,S,,,
MSFT.P.XNAS,XNAS,2025-09-15 13:46:42.500,T00001036,1036,379.55,52,S,,,
MSFT.P.XNAS,XNAS,2025-09-15 13:46:43.800,T00001037,1037,381.19,29,S,,,
MSFT.P.XNAS,XNAS,2025-09-15 13:46:48.600,T00001038,1038,382.44,11,B,,,
MSFT.P.XNAS,XNAS,2025-09-15 13:46:49.200,T00001039,1039,379.81,5,S,,,
MSFT.P.XNAS,XNAS,2025-09-15 13:46:49.300,T00001040,1040,380.89,21,B,,,
MSFT.P.XNAS,XNAS,2025-09-15 13:46:50.200,T00001041,1041,376.12,20,B,,,
MSFT.P.XNAS,XNAS,2025-09-15 13:46:51.900,T00001042,1042,374.25,31,B,,,
MSFT.P.XNAS,XNAS,2025-09-15 13:46:52.200,T00001043,1043,372.08,11,B,,,
MSFT.P.XNAS,XNAS,2025-09-15 13:46:53.800,T00001044,1044,369.18,21,S,,,
MSFT.P.XNAS,XNAS,2025-09-15 13:46:54.400,T00001045,1045,369.82,23,B,,,
MSFT.P.XNAS,XNAS,2025-09-15 13:46:54.500,T00001046,1046,371.14,68,B,,,
MSFT.P.XNAS,XNAS,2025-09-15 13:46:54.700,T00001047,1047,371.19,20,B,,,
MSFT.P.XNAS,XNAS,2025-09-15 13:46:56.500,T00001048,1048,377.57,11,S,,,
MSFT.P.XNAS,XNAS,2025-09-15 13:46:58.900,T00001049,1049,381.78000000000003,15,B,,,
MSFT.P.XNAS,XNAS,2025-09-15 13:47:01.500,T00001050,1050,389.89,25,B,,,
MSFT.P.XNAS,XNAS,2025-09-15 13:47:02.300,T00001051,1051,389.48,26,S,,,
MSFT.P.XNAS,XNAS,2025-09-15 13:47:04.100,T00001052,1052,383.56,12,S,,,
MSFT.P.XNAS,XNAS,2025-09-15 13:47:06.400,T00001053,1053,391.45,13,B,,,
MSFT.P.XNAS,XNAS,2025-09-15 13:47:07.900,T00001054,1054,379.11,8,S,,,
MSFT.P.XNAS,XNAS,2025-09-15 13:47:09.900,T00001055,1055,369.40000000000003,43,B,,,
MSFT.P.XNAS,XNAS,2025-09-15 13:47:12.400,T00001056,1056,374.8,45,S,,,
MSFT.P.XNAS,XNAS,2025-09-15 13:47:13.000,T00001057,1057,369.64,14,S,,,
MSFT.P.XNAS,XNAS,2025-09-15 13:47:13.100,T00001058,1058,367.66,56,S,,,
MSFT.P.XNAS,XNAS,2025-09-15 13:47:13.400,T00001059,1059,366.38,18,B,,,
MSFT.P.XNAS,XNAS,2025-09-15 13:47:14.700,T00001060,1060,363.62,16,S,,,
MSFT.P.XNAS,XNAS,2025-09-15 13:47:16.800,T00001061,1061,362.06,12,S,,,
MSFT.P.XNAS,XNAS,2025-09-15 13:47:18.500,T00001062,1062,370.2,30,S,,,
MSFT.P.XNAS,XNAS,2025-09-15 13:47:19.600,T00001063,1063,380.25,13,S,,,
MSFT.P.XNAS,XNAS,2025-09-15 13:47:20.300,T00001064,1064,381.38,15,S,,,
MSFT.P.XNAS,XNAS,2025-09-15 13:47:21.400,T00001065,1065,393.54,19,S,,,
MSFT.P.XNAS,XNAS,2025-09-15 13:47:21.600,T00001066,1066,394.78000000000003,14,S,,,
MSFT.P.XNAS,XNAS,2025-09-15 13:47:22.100,T00001067,1067,391.38,11,B,,,
MSFT.P.XNAS,XNAS,2025-09-15 13:47:22.700,T00001068,1068,391.0,49,S,,,
MSFT.P.XNAS,XNAS,2025-09-15 13:47:23.100,T00001069,1069,392.0,36,S,,,
MSFT.P.XNAS,XNAS,2025-09-15 13:47:24.200,T00001070,1070,392.56,45,S,,,
MSFT.P.XNAS,XNAS,2025-09-15 13:47:24.500,T00001071,1071,393.51,98,B,,,
MSFT.P.XNAS,XNAS,2025-09-15 13:47:25.500,T00001072,1072,394.46000000000004,16,B,,,
MSFT.P.XNAS,XNAS,2025-09-15 13:47:26.500,T00001073,1073,388.51,33,S,,,
MSFT.P.XNAS,XNAS,2025-09-15 13:47:27.200,T00001074,1074,388.49,13,S,,,
MSFT.P.XNAS,XNAS,2025-09-15 13:47:27.500,T00001075,1075,388.94,34,S,,,
MSFT.P.XNAS,XNAS,2025-09-15 13:47:27.900,T00001076,1076,386.7,6,S,,,
MSFT.P.XNAS,XNAS,2025-09-15 13:47:28.400,T00001077,1077,385.2,21,B,,,
MSFT.P.XNAS,XNAS,2025-09-15 13:47:28.900,T00001078,1078,384.83,15,B,,,
MSFT.P.XNAS,XNAS,2025-09-15 13:47:29.800,T00001079,1079,385.38,14,S,,,
MSFT.P.XNAS,XNAS,2025-09-15 13:47:30.300,T00001080,1080,383.07,11,S,,,
MSFT.P.XNAS,XNAS,2025-09-15 13:47:30.700,T00001081,1081,383.64,84,S,,,
MSFT.P.XNAS,XNAS,2025-09-15 13:47:31.500,T00001082,1082,383.45,12,B,,,
MSFT.P.XNAS,XNAS,2025-09-15 13:47:31.600,T00001083,1083,385.95,10,S,,,
MSFT.P.XNAS,XNAS,2025-09-15 13:47:31.900,T00001084,1084,385.48,28,B,,,
MSFT.P.XNAS,XNAS,2025-09-15 13:47:32.700,T00001085,1085,386.52000000000004,8,S,,,
MSFT.P.XNAS,XNAS,2025-09-15 13:47:34.100,T00001086,1086,390.46000000000004,22,S,,,
MSFT.P.XNAS,XNAS,2025-09-15 13:47:35.400,T00001087,1087,392.22,32,S,,,
MSFT.P.XNAS,XNAS,2025-09-15 13:47:36.700,T00001088,1088,392.04,13,B,,,
MSFT.P.XNAS,XNAS,2025-09-15 13:47:37.500,T00001089,1089,383.7,13,S,,,
MSFT.P.XNAS,XNAS,2025-09-15 13:47:38.200,T00001090,1090,385.97,15,S,,,
MSFT.P.XNAS,XNAS,2025-09-15 13:47:42.300,T00001091,1091,377.66,14,S,,,
MSFT.P.XNAS,XNAS,2025-09-15 13:47:44.000,T00001092,1092,383.35,46,S,,,
MSFT.P.XNAS,XNAS,2025-09-15 13:47:44.300,T00001093,1093,377.69,44,S,,,
MSFT.P.XNAS,XNAS,2025-09-15 13:47:46.900,T00001094,1094,382.44,61,S,,,
MSFT.P.XNAS,XNAS,2025-09-15 13:47:47.600,T00001095,1095,383.21000000000004,21,S,,,
MSFT.P.XNAS,XNAS,2025-09-15 13:47:49.100,T00001096,1096,380.98,12,B,,,
MSFT.P.XNAS,XNAS,2025-09-15 13:47:49.600,T00001097,1097,379.43,57,B,,,
MSFT.P.XNAS,XNAS,2025-09-15 13:47:50.100,T00001098,1098,380.36,16,S,,,
MSFT.P.XNAS,XNAS,2025-09-15 13:47:50.400,T00001099,1099,380.67,13,B,,,
MSFT.P.XNAS,XNAS,2025-09-15 13:47:50.700,T00001100,1100,380.08,14,B,,,
MSFT.P.XNAS,XNAS,2025-09-15 13:47:51.800,T00001101,1101,377.11,21,B,,,
MSFT.P.XNAS,XNAS,2025-09-15 13:47:52.100,T00001102,1102,377.68,13,S,,,
MSFT.P.XNAS,XNAS,2025-09-15 13:47:52.900,T00001103,1103,377.56,10,S,,,
MSFT.P.XNAS,XNAS,2025-09-15 13:47:53.500,T00001104,1104,374.58,10,S,,,
MSFT.P.XNAS,XNAS,2025-09-15 13:47:54.400,T00001105,1105,374.02,25,S,,,
MSFT.P.XNAS,XNAS,2025-09-15 13:47:56.800,T00001106,1106,376.93,32,B,,,
MSFT.P.XNAS,XNAS,2025-09-15 13:48:00.400,T00001107,1107,391.78000000000003,34,B,,,
MSFT.P.XNAS,XNAS,2025-09-15 13:48:01.000,T00001108,1108,399.25,10,S,,,
MSFT.P.XNAS,XNAS,2025-09-15 13:48:01.400,T00001109,1109,400.36,22,B,,,
MSFT.P.XNAS,XNAS,2025-09-15 13:48:03.200,T00001110,1110,387.48,39,B,,,
MSFT.P.XNAS,XNAS,2025-09-15 13:48:04.600,T00001111,1111,387.24,14,S,,,
MSFT.P.XNAS,XNAS,2025-09-15 13:48:05.900,T00001112,1112,384.17,12,B,,,
MSFT.P.XNAS,XNAS,2025-09-15 13:48:06.200,T00001113,1113,385.02,22,B,,,
MSFT.P.XNAS,XNAS,2025-09-15 13:48:07.100,T00001114,1114,377.73,29,S,,,
MSFT.P.XNAS,XNAS,2025-09-15 13:48:07.900,T00001115,1115,370.97,10,S,,,
MSFT.P.XNAS,XNAS,2025-09-15 13:48:09.000,T00001116,1116,369.19,12,B,,,
MSFT.P.XNAS,XNAS,2025-09-15 13:48:10.600,T00001117,1117,367.93,13,S,,,
MSFT.P.XNAS,XNAS,2025-09-15 13:48:11.900,T00001118,1118,368.18,11,B,,,
MSFT.P.XNAS,XNAS,2025-09-15 13:48:12.400,T00001119,1119,367.22,16,B,,,
MSFT.P.XNAS,XNAS,2025-09-15 13:48:17.100,T00001120,1120,373.98,18,B,,,
MSFT.P.XNAS,XNAS,2025-09-15 13:48:17.800,T00001121,1121,377.97,34,B,,,
MSFT.P.XNAS,XNAS,2025-09-15 13:48:18.000,T00001122,1122,378.82,64,S,,,
MSFT.P.XNAS,XNAS,2025-09-15 13:48:18.100,T00001123,1123,379.53000000000003,15,S,,,
MSFT.P.XNAS,XNAS,2025-09-15 13:48:20.100,T00001124,1124,386.43,11,B,,,
MSFT.P.XNAS,XNAS,2025-09-15 13:48:21.300,T00001125,1125,381.07,27,S,,,
MSFT.P.XNAS,XNAS,2025-09-15 13:48:22.200,T00001126,1126,383.93,5,S,,,
MSFT.P.XNAS,XNAS,2025-09-15 13:48:23.500,T00001127,1127,380.90000000000003,14,B,,,
MSFT.P.XNAS,XNAS,2025-09-15 13:48:23.800,T00001128,1128,382.84000000000003,11,B,,,
MSFT.P.XNAS,XNAS,2025-09-15 13:48:24.300,T00001129,1129,377.53000000000003,47,S,,,
MSFT.P.XNAS,XNAS,2025-09-15 13:48:24.900,T00001130,1130,376.34000000000003,24,B,,,
MSFT.P.XNAS,XNAS,2025-09-15 13:48:25.600,T00001131,1131,369.94,18,S,,,
MSFT.P.XNAS,XNAS,2025-09-15 13:48:27.100,T00001132,1132,375.93,13,S,,,
MSFT.P.XNAS,XNAS,2025-09-15 13:48:27.700,T00001133,1133,371.77,34,S,,,
MSFT.P.XNAS,XNAS,2025-09-15 13:48:30.000,T00001134,1134,378.11,27,B,,,
MSFT.P.XNAS,XNAS,2025-09-15 13:48:31.000,T00001135,1135,378.05,25,S,,,
MSFT.P.XNAS,XNAS,2025-09-15 13:48:31.300,T00001136,1136,375.06,38,S,,,
MSFT.P.XNAS,XNAS,2025-09-15 13:48:34.700,T00001137,1137,378.29,25,S,,,
MSFT.P.XNAS,XNAS,2025-09-15 13:48:35.000,T00001138,1138,376.06,51,B,,,
MSFT.P.XNAS,XNAS,2025-09-15 13:48:35.200,T00001139,1139,377.64,37,S,,,
MSFT.P.XNAS,XNAS,2025-09-15 13:48:36.600,T00001140,1140,369.51,10,B,,,
MSFT.P.XNAS,XNAS,2025-09-15 13:48:37.700,T00001141,1141,369.07,10,S,,,
MSFT.P.XNAS,XNAS,2025-09-15 13:48:38.200,T00001142,1142,372.78000000000003,11,S,,,
MSFT.P.XNAS,XNAS,2025-09-15 13:48:38.400,T00001143,1143,374.14,21,B,,,
MSFT.P.XNAS,XNAS,2025-09-15 13:48:39.000,T00001144,1144,375.53000000000003,12,S,,,
MSFT.P.XNAS,XNAS,2025-09-15 13:48:40.200,T00001145,1145,369.03000000000003,17,B,,,
MSFT.P.XNAS,XNAS,2025-09-15 13:48:40.800,T00001146,1146,371.96,12,S,,,
MSFT.P.XNAS,XNAS,2025-09-15 13:48:43.000,T00001147,1147,361.51,20,S,,,
MSFT.P.XNAS,XNAS,2025-09-15 13:48:44.100,T00001148,1148,358.48,42,S,,,
MSFT.P.XNAS,XNAS,2025-09-15 13:48:45.100,T00001149,1149,362.7,36,S,,,
MSFT.P.XNAS,XNAS,2025-09-15 13:48:45.200,T00001150,1150,363.2,11,B,,,
MSFT.P.XNAS,XNAS,2025-09-15 13:48:47.100,T00001151,1151,361.15000000000003,25,B,,,
MSFT.P.XNAS,XNAS,2025-09-15 13:48:48.500,T00001152,1152,366.92,27,S,,,
MSFT.P.XNAS,XNAS,2025-09-15 13:48:49.200,T00001153,1153,367.93,98,S,,,
MSFT.P.XNAS,XNAS,2025-09-15 13:48:49.300,T00001154,1154,369.8,28,S,,,
MSFT.P.XNAS,XNAS,2025-09-15 13:48:50.300,T00001155,1155,373.15000000000003,32,B,,,
MSFT.P.XNAS,XNAS,2025-09-15 13:48:50.600,T00001156,1156,370.53000000000003,12,S,,,
MSFT.P.XNAS,XNAS,2025-09-15 13:48:51.500,T00001157,1157,375.27,12,B,,,
MSFT.P.XNAS,XNAS,2025-09-15 13:48:51.800,T00001158,1158,378.49,11,B,,,
MSFT.P.XNAS,XNAS,2025-09-15 13:48:52.100,T00001159,1159,375.24,10,S,,,
MSFT.P.XNAS,XNAS,2025-09-15 13:48:53.000,T00001160,1160,371.7,21,S,,,
MSFT.P.XNAS,XNAS,2025-09-15 13:48:55.100,T00001161,1161,373.17,33,B,,,
MSFT.P.XNAS,XNAS,2025-09-15 13:48:55.500,T00001162,1162,378.99,68,B,,,
MSFT.P.XNAS,XNAS,2025-09-15 13:48:57.100,T00001163,1163,375.36,16,B,,,
MSFT.P.XNAS,XNAS,2025-09-15 13:48:57.200,T00001164,1164,375.22,70,S,,,
MSFT.P.XNAS,XNAS,2025-09-15 13:48:58.200,T00001165,1165,376.94,44,S,,,
MSFT.P.XNAS,XNAS,2025-09-15 13:48:58.800,T00001166,1166,373.86,20,B,,,
MSFT.P.XNAS,XNAS,2025-09-15 13:48:59.500,T00001167,1167,373.73,17,B,,,
MSFT.P.XNAS,XNAS,2025-09-15 13:49:01.400,T00001168,1168,371.14,4,B,,,
MSFT.P.XNAS,XNAS,2025-09-15 13:49:01.600,T00001169,1169,373.51,74,B,,,
MSFT.P.XNAS,XNAS,2025-09-15 13:49:01.900,T00001170,1170,370.94,18,B,,,
MSFT.P.XNAS,XNAS,2025-09-15 13:49:03.100,T00001171,1171,374.39,12,B,,,
MSFT.P.XNAS,XNAS,2025-09-15 13:49:04.400,T00001172,1172,372.04,44,B,,,
MSFT.P.XNAS,XNAS,2025-09-15 13:49:06.200,T00001173,1173,376.66,12,B,,,
MSFT.P.XNAS,XNAS,2025-09-15 13:49:06.300,T00001174,1174,378.75,23,S,,,
MSFT.P.XNAS,XNAS,2025-09-15 13:49:06.700,T00001175,1175,377.35,36,S,,,
MSFT.P.XNAS,XNAS,2025-09-15 13:49:07.500,T00001176,1176,381.44,31,B,,,
MSFT.P.XNAS,XNAS,2025-09-15 13:49:08.000,T00001177,1177,383.08,15,S,,,
MSFT.P.XNAS,XNAS,2025-09-15 13:49:11.100,T00001178,1178,382.57,20,S,,,
MSFT.P.XNAS,XNAS,2025-09-15 13:49:11.900,T00001179,1179,381.88,26,S,,,
MSFT.P.XNAS,XNAS,2025-09-15 13:49:12.000,T00001180,1180,381.41,91,S,,,
MSFT.P.XNAS,XNAS,2025-09-15 13:49:12.500,T00001181,1181,381.58,31,S,,,
MSFT.P.XNAS,XNAS,2025-09-15 13:49:13.300,T00001182,1182,385.21000000000004,25,B,,,
MSFT.P.XNAS,XNAS,2025-09-15 13:49:13.400,T00001183,1183,383.68,31,S,,,
MSFT.P.XNAS,XNAS,2025-09-15 13:49:13.600,T00001184,1184,379.47,12,S,,,
MSFT.P.XNAS,XNAS,2025-09-15 13:49:14.300,T00001185,1185,384.01,49,S,,,
MSFT.P.XNAS,XNAS,2025-09-15 13:49:14.900,T00001186,1186,380.43,10,S,,,
MSFT.P.XNAS,XNAS,2025-09-15 13:49:15.100,T00001187,1187,380.12,36,B,,,
MSFT.P.XNAS,XNAS,2025-09-15 13:49:15.400,T00001188,1188,379.18,13,S,,,
MSFT.P.XNAS,XNAS,2025-09-15 13:49:15.500,T00001189,1189,379.66,47,B,,,
MSFT.P.XNAS,XNAS,2025-09-15 13:49:15.900,T00001190,1190,383.67,140,B,,,
MSFT.P.XNAS,XNAS,2025-09-15 13:49:17.600,T00001191,1191,377.76,11,B,,,
MSFT.P.XNAS,XNAS,2025-09-15 13:49:19.700,T00001192,1192,381.02,27,B,,,
MSFT.P.XNAS,XNAS,2025-09-15 13:49:20.600,T00001193,1193,387.89,17,B,,,
MSFT.P.XNAS,XNAS,2025-09-15 13:49:21.000,T00001194,1194,387.61,11,B,,,
MSFT.P.XNAS,XNAS,2025-09-15 13:49:21.400,T00001195,1195,386.67,35,B,,,
MSFT.P.XNAS,XNAS,2025-09-15 13:49:21.800,T00001196,1196,385.8,33,S,,,
MSFT.P.XNAS,XNAS,2025-09-15 13:49:22.100,T00001197,1197,384.55,21,S,,,
MSFT.P.XNAS,XNAS,2025-09-15 13:49:22.300,T00001198,1198,381.99,21,S,,,
MSFT.P.XNAS,XNAS,2025-09-15 13:49:22.800,T00001199,1199,389.16,13,S,,,
MSFT.P.XNAS,XNAS,2025-09-15 13:49:23.300,T00001200,1200,392.68,27,B,,,
MSFT.P.XNAS,XNAS,2025-09-15 13:49:23.800,T00001201,1201,390.91,31,S,,,
MSFT.P.XNAS,XNAS,2025-09-15 13:49:25.700,T00001202,1202,375.81,20,B,,,
MSFT.P.XNAS,XNAS,2025-09-15 13:49:26.700,T00001203,1203,383.68,28,B,,,
MSFT.P.XNAS,XNAS,2025-09-15 13:49:26.800,T00001204,1204,384.59000000000003,12,B,,,
MSFT.P.XNAS,XNAS,2025-09-15 13:49:27.400,T00001205,1205,382.04,11,B,,,
MSFT.P.XNAS,XNAS,2025-09-15 13:49:27.700,T00001206,1206,381.90000000000003,89,S,,,
MSFT.P.XNAS,XNAS,2025-09-15 13:49:29.000,T00001207,1207,375.08,16,B,,,
MSFT.P.XNAS,XNAS,2025-09-15 13:49:29.700,T00001208,1208,371.91,15,S,,,
MSFT.P.XNAS,XNAS,2025-09-15 13:49:30.400,T00001209,1209,369.2,64,S,,,
MSFT.P.XNAS,XNAS,2025-09-15 13:49:33.100,T00001210,1210,371.55,16,S,,,
MSFT.P.XNAS,XNAS,2025-09-15 13:49:34.000,T00001211,1211,379.52,10,B,,,
MSFT.P.XNAS,XNAS,2025-09-15 13:49:34.100,T00001212,1212,378.31,84,S,,,
MSFT.P.XNAS,XNAS,2025-09-15 13:49:34.400,T00001213,1213,379.61,61,S,,,
MSFT.P.XNAS,XNAS,2025-09-15 13:49:35.300,T00001214,1214,379.62,31,S,,,
MSFT.P.XNAS,XNAS,2025-09-15 13:49:35.900,T00001215,1215,374.0,27,S,,,
MSFT.P.XNAS,XNAS,2025-09-15 13:49:36.000,T00001216,1216,373.71,13,S,,,
MSFT.P.XNAS,XNAS,2025-09-15 13:49:37.300,T00001217,1217,374.96,13,B,,,
MSFT.P.XNAS,XNAS,2025-09-15 13:49:37.500,T00001218,1218,373.56,24,S,,,
MSFT.P.XNAS,XNAS,2025-09-15 13:49:38.700,T00001219,1219,377.28000000000003,15,S,,,
MSFT.P.XNAS,XNAS,2025-09-15 13:49:41.800,T00001220,1220,388.92,64,S,,,
MSFT.P.XNAS,XNAS,2025-09-15 13:49:43.100,T00001221,1221,379.83000000000004,69,S,,,
MSFT.P.XNAS,XNAS,2025-09-15 13:49:45.200,T00001222,1222,385.14,11,B,,,
MSFT.P.XNAS,XNAS,2025-09-15 13:49:45.800,T00001223,1223,390.78000000000003,12,B,,,
MSFT.P.XNAS,XNAS,2025-09-15 13:49:48.000,T00001224,1224,389.42,20,B,,,
MSFT.P.XNAS,XNAS,2025-09-15 13:49:51.400,T00001225,1225,394.63,51,S,,,
MSFT.P.XNAS,XNAS,2025-09-15 13:49:52.800,T00001226,1226,387.26,19,B,,,
MSFT.P.XNAS,XNAS,2025-09-15 13:49:53.300,T00001227,1227,384.38,30,S,,,
MSFT.P.XNAS,XNAS,2025-09-15 13:49:53.800,T00001228,1228,381.63,13,S,,,
MSFT.P.XNAS,XNAS,2025-09-15 13:49:54.200,T00001229,1229,384.11,23,B,,,
MSFT.P.XNAS,XNAS,2025-09-15 13:49:57.400,T00001230,1230,382.86,7,B,,,
MSFT.P.XNAS,XNAS,2025-09-15 13:49:57.500,T00001231,1231,384.91,18,B,,,
MSFT.P.XNAS,XNAS,2025-09-15 13:49:57.600,T00001232,1232,385.05,11,B,,,
MSFT.P.XNAS,XNAS,2025-09-15 13:49:57.700,T00001233,1233,384.15000000000003,12,B,,,
MSFT.P.XNAS,XNAS,2025-09-15 13:49:58.600,T00001234,1234,383.91,37,B,,,
MSFT.P.XNAS,XNAS,2025-09-15 13:49:58.700,T00001235,1235,384.98,21,B,,,
MSFT.P.XNAS,XNAS,2025-09-15 13:49:58.900,T00001236,1236,384.39,98,S,,,
MSFT.P.XNAS,XNAS,2025-09-15 13:50:01.100,T00001237,1237,377.1,23,B,,,
MSFT.P.XNAS,XNAS,2025-09-15 13:50:01.800,T00001238,1238,376.18,32,S,,,
MSFT.P.XNAS,XNAS,2025-09-15 13:50:03.500,T00001239,1239,370.5,18,S,,,
MSFT.P.XNAS,XNAS,2025-09-15 13:50:07.900,T00001240,1240,371.36,21,S,,,
MSFT.P.XNAS,XNAS,2025-09-15 13:50:08.500,T00001241,1241,377.91,60,B,,,
MSFT.P.XNAS,XNAS,2025-09-15 13:50:08.900,T00001242,1242,380.09000000000003,60,S,,,
MSFT.P.XNAS,XNAS,2025-09-15 13:50:09.100,T00001243,1243,378.63,66,S,,,
MSFT.P.XNAS,XNAS,2025-09-15 13:50:09.400,T00001244,1244,377.89,15,S,,,
MSFT.P.XNAS,XNAS,2025-09-15 13:50:10.000,T00001245,1245,375.09000000000003,36,B,,,
MSFT.P.XNAS,XNAS,2025-09-15 13:50:11.700,T00001246,1246,375.76,23,B,,,
MSFT.P.XNAS,XNAS,2025-09-15 13:50:12.500,T00001247,1247,378.08,13,B,,,
MSFT.P.XNAS,XNAS,2025-09-15 13:50:12.700,T00001248,1248,379.83,15,B,,,
MSFT.P.XNAS,XNAS,2025-09-15 13:50:13.500,T00001249,1249,377.25,43,B,,,
MSFT.P.XNAS,XNAS,2025-09-15 13:50:14.000,T00001250,1250,378.86,14,S,,,
MSFT.P.XNAS,XNAS,2025-09-15 13:50:14.400,T00001251,1251,379.79,24,S,,,
MSFT.P.XNAS,XNAS,2025-09-15 13:50:15.400,T00001252,1252,386.41,13,B,,,
MSFT.P.XNAS,XNAS,2025-09-15 13:50:15.700,T00001253,1253,385.58,18,B,,,
MSFT.P.XNAS,XNAS,2025-09-15 13:50:16.100,T00001254,1254,380.34000000000003,13,S,,,
MSFT.P.XNAS,XNAS,2025-09-15 13:50:16.700,T00001255,1255,378.55,8,S,,,
MSFT.P.XNAS,XNAS,2025-09-15 13:50:16.800,T00001256,1256,377.02,84,B,,,
MSFT.P.XNAS,XNAS,2025-09-15 13:50:17.300,T00001257,1257,376.08,38,B,,,
MSFT.P.XNAS,XNAS,2025-09-15 13:50:18.300,T00001258,1258,375.47,66,B,,,
MSFT.P.XNAS,XNAS,2025-09-15 13:50:19.400,T00001259,1259,381.57,15,B,,,
MSFT.P.XNAS,XNAS,2025-09-15 13:50:20.000,T00001260,1260,384.37,10,B,,,
MSFT.P.XNAS,XNAS,2025-09-15 13:50:20.600,T00001261,1261,376.81,9,S,,,
MSFT.P.XNAS,XNAS,2025-09-15 13:50:20.800,T00001262,1262,376.51,15,B,,,
MSFT.P.XNAS,XNAS,2025-09-15 13:50:21.000,T00001263,1263,376.24,55,S,,,
MSFT.P.XNAS,XNAS,2025-09-15 13:50:21.600,T00001264,1264,371.15000000000003,10,S,,,
MSFT.P.XNAS,XNAS,2025-09-15 13:50:21.700,T00001265,1265,371.38,11,B,,,
MSFT.P.XNAS,XNAS,2025-09-15 13:50:25.300,T00001266,1266,380.09000000000003,37,B,,,
MSFT.P.XNAS,XNAS,2025-09-15 13:50:27.700,T00001267,1267,374.13,11,B,,,
MSFT.P.XNAS,XNAS,2025-09-15 13:50:28.900,T00001268,1268,374.58,13,S,,,
MSFT.P.XNAS,XNAS,2025-09-15 13:50:29.900,T00001269,1269,376.53000000000003,38,S,,,
MSFT.P.XNAS,XNAS,2025-09-15 13:50:32.700,T00001270,1270,371.53000000000003,14,B,,,
MSFT.P.XNAS,XNAS,2025-09-15 13:50:33.300,T00001271,1271,374.56,13,S,,,
MSFT.P.XNAS,XNAS,2025-09-15 13:50:34.400,T00001272,1272,374.34000000000003,13,B,,,
MSFT.P.XNAS,XNAS,2025-09-15 13:50:35.500,T00001273,1273,373.83000000000004,14,S,,,
MSFT.P.XNAS,XNAS,2025-09-15 13:50:37.600,T00001274,1274,374.37,19,B,,,
MSFT.P.XNAS,XNAS,2025-09-15 13:50:38.300,T00001275,1275,374.71,28,B,,,
MSFT.P.XNAS,XNAS,2025-09-15 13:50:39.800,T00001276,1276,371.22,20,B,,,
MSFT.P.XNAS,XNAS,2025-09-15 13:50:40.200,T00001277,1277,363.88,31,S,,,
MSFT.P.XNAS,XNAS,2025-09-15 13:50:44.400,T00001278,1278,365.59000000000003,20,B,,,
MSFT.P.XNAS,XNAS,2025-09-15 13:50:44.500,T00001279,1279,364.11,46,S,,,
MSFT.P.XNAS,XNAS,2025-09-15 13:50:45.300,T00001280,1280,362.87,65,B,,,
MSFT.P.XNAS,XNAS,2025-09-15 13:50:47.100,T00001281,1281,366.55,11,B,,,
MSFT.P.XNAS,XNAS,2025-09-15 13:50:49.200,T00001282,1282,359.59000000000003,14,B,,,
MSFT.P.XNAS,XNAS,2025-09-15 13:50:49.700,T00001283,1283,364.6,15,B,,,
MSFT.P.XNAS,XNAS,2025-09-15 13:50:51.600,T00001284,1284,362.97,12,S,,,
MSFT.P.XNAS,XNAS,2025-09-15 13:50:51.900,T00001285,1285,363.34000000000003,10,S,,,
MSFT.P.XNAS,XNAS,2025-09-15 13:50:53.700,T00001286,1286,371.47,77,B,,,
MSFT.P.XNAS,XNAS,2025-09-15 13:50:54.600,T00001287,1287,376.51,35,B,,,
MSFT.P.XNAS,XNAS,2025-09-15 13:50:56.100,T00001288,1288,372.83,19,B,,,
MSFT.P.XNAS,XNAS,2025-09-15 13:50:57.600,T00001289,1289,375.29,53,S,,,
MSFT.P.XNAS,XNAS,2025-09-15 13:50:58.300,T00001290,1290,365.62,15,B,,,
MSFT.P.XNAS,XNAS,2025-09-15 13:50:58.700,T00001291,1291,363.0,33,B,,,
MSFT.P.XNAS,XNAS,2025-09-15 13:50:58.900,T00001292,1292,360.28000000000003,51,S,,,
MSFT.P.XNAS,XNAS,2025-09-15 13:50:59.000,T00001293,1293,359.81,11,B,,,
MSFT.P.XNAS,XNAS,2025-09-15 13:50:59.100,T00001294,1294,359.6,59,S,,,
MSFT.P.XNAS,XNAS,2025-09-15 13:51:00.800,T00001295,1295,366.88,29,S,,,
MSFT.P.XNAS,XNAS,2025-09-15 13:51:01.600,T00001296,1296,370.31,13,B,,,
MSFT.P.XNAS,XNAS,2025-09-15 13:51:01.700,T00001297,1297,370.07,11,S,,,
MSFT.P.XNAS,XNAS,2025-09-15 13:51:02.600,T00001298,1298,374.0,13,B,,,
MSFT.P.XNAS,XNAS,2025-09-15 13:51:03.600,T00001299,1299,371.73,15,S,,,
MSFT.P.XNAS,XNAS,2025-09-15 13:51:07.500,T00001300,1300,380.44,14,S,,,
MSFT.P.XNAS,XNAS,2025-09-15 13:51:08.300,T00001301,1301,378.73,17,S,,,
MSFT.P.XNAS,XNAS,2025-09-15 13:51:08.700,T00001302,1302,378.36,16,B,,,
MSFT.P.XNAS,XNAS,2025-09-15 13:51:09.800,T00001303,1303,378.43,19,B,,,
MSFT.P.XNAS,XNAS,2025-09-15 13:51:09.900,T00001304,1304,377.75,31,B,,,
MSFT.P.XNAS,XNAS,2025-09-15 13:51:10.600,T00001305,1305,375.98,13,B,,,
MSFT.P.XNAS,XNAS,2025-09-15 13:51:10.900,T00001306,1306,379.17,12,B,,,
MSFT.P.XNAS,XNAS,2025-09-15 13:51:11.700,T00001307,1307,380.47,21,S,,,
MSFT.P.XNAS,XNAS,2025-09-15 13:51:12.900,T00001308,1308,378.11,63,B,,,
MSFT.P.XNAS,XNAS,2025-09-15 13:51:15.200,T00001309,1309,380.34000000000003,45,S,,,
MSFT.P.XNAS,XNAS,2025-09-15 13:51:15.400,T00001310,1310,378.2,53,B,,,
MSFT.P.XNAS,XNAS,2025-09-15 13:51:15.500,T00001311,1311,376.53000000000003,29,S,,,
MSFT.P.XNAS,XNAS,2025-09-15 13:51:15.700,T00001312,1312,377.01,29,B,,,
MSFT.P.XNAS,XNAS,2025-09-15 13:51:15.800,T00001313,1313,379.32,33,B,,,
MSFT.P.XNAS,XNAS,2025-09-15 13:51:17.400,T00001314,1314,384.11,23,S,,,
MSFT.P.XNAS,XNAS,2025-09-15 13:51:18.000,T00001315,1315,381.25,30,B,,,
MSFT.P.XNAS,XNAS,2025-09-15 13:51:18.900,T00001316,1316,386.26,44,S,,,
MSFT.P.XNAS,XNAS,2025-09-15 13:51:20.400,T00001317,1317,387.29,47,S,,,
MSFT.P.XNAS,XNAS,2025-09-15 13:51:23.500,T00001318,1318,392.86,48,S,,,
MSFT.P.XNAS,XNAS,2025-09-15 13:51:23.700,T00001319,1319,392.26,27,S,,,
MSFT.P.XNAS,XNAS,2025-09-15 13:51:24.500,T00001320,1320,385.85,14,B,,,
MSFT.P.XNAS,XNAS,2025-09-15 13:51:24.800,T00001321,1321,385.81,12,S,,,
MSFT.P.XNAS,XNAS,2025-09-15 13:51:25.800,T00001322,1322,383.24,35,B,,,
MSFT.P.XNAS,XNAS,2025-09-15 13:51:28.000,T00001323,1323,382.61,61,B,,,
MSFT.P.XNAS,XNAS,2025-09-15 13:51:28.400,T00001324,1324,380.89,62,B,,,
MSFT.P.XNAS,XNAS,2025-09-15 13:51:28.600,T00001325,1325,379.43,51,S,,,
MSFT.P.XNAS,XNAS,2025-09-15 13:51:29.000,T00001326,1326,380.97,15,S,,,
MSFT.P.XNAS,XNAS,2025-09-15 13:51:30.200,T00001327,1327,379.33,13,B,,,
MSFT.P.XNAS,XNAS,2025-09-15 13:51:31.600,T00001328,1328,377.74,16,B,,,
MSFT.P.XNAS,XNAS,2025-09-15 13:51:33.700,T00001329,1329,373.55,29,S,,,
MSFT.P.XNAS,XNAS,2025-09-15 13:51:35.100,T00001330,1330,377.12,5,B,,,
MSFT.P.XNAS,XNAS,2025-09-15 13:51:38.700,T00001331,1331,366.83,41,B,,,
MSFT.P.XNAS,XNAS,2025-09-15 13:51:39.400,T00001332,1332,368.7,16,S,,,
MSFT.P.XNAS,XNAS,2025-09-15 13:51:39.700,T00001333,1333,369.01,11,S,,,
MSFT.P.XNAS,XNAS,2025-09-15 13:51:41.600,T00001334,1334,377.74,32,B,,,
MSFT.P.XNAS,XNAS,2025-09-15 13:51:42.000,T00001335,1335,377.69,14,B,,,
MSFT.P.XNAS,XNAS,2025-09-15 13:51:43.800,T00001336,1336,370.01,15,B,,,
MSFT.P.XNAS,XNAS,2025-09-15 13:51:44.800,T00001337,1337,364.48,20,B,,,
MSFT.P.XNAS,XNAS,2025-09-15 13:51:47.300,T00001338,1338,372.07,14,S,,,
MSFT.P.XNAS,XNAS,2025-09-15 13:51:47.400,T00001339,1339,371.21,31,B,,,
MSFT.P.XNAS,XNAS,2025-09-15 13:51:52.900,T00001340,1340,375.62,38,S,,,
MSFT.P.XNAS,XNAS,2025-09-15 13:51:53.300,T00001341,1341,379.13,24,S,,,
MSFT.P.XNAS,XNAS,2025-09-15 13:51:53.900,T00001342,1342,384.57,11,S,,,
MSFT.P.XNAS,XNAS,2025-09-15 13:51:54.000,T00001343,1343,385.39,11,S,,,
MSFT.P.XNAS,XNAS,2025-09-15 13:51:54.500,T00001344,1344,381.28000000000003,19,S,,,
MSFT.P.XNAS,XNAS,2025-09-15 13:51:55.500,T00001345,1345,381.02000000000004,16,S,,,
MSFT.P.XNAS,XNAS,2025-09-15 13:51:55.700,T00001346,1346,382.14,27,B,,,
MSFT.P.XNAS,XNAS,2025-09-15 13:51:56.700,T00001347,1347,383.15000000000003,28,S,,,
MSFT.P.XNAS,XNAS,2025-09-15 13:51:57.700,T00001348,1348,385.04,15,S,,,
MSFT.P.XNAS,XNAS,2025-09-15 13:51:58.700,T00001349,1349,379.5,25,B,,,
MSFT.P.XNAS,XNAS,2025-09-15 13:52:00.000,T00001350,1350,381.22,26,B,,,
MSFT.P.XNAS,XNAS,2025-09-15 13:52:00.200,T00001351,1351,381.09000000000003,28,S,,,
MSFT.P.XNAS,XNAS,2025-09-15 13:52:02.900,T00001352,1352,382.55,19,S,,,
MSFT.P.XNAS,XNAS,2025-09-15 13:52:03.700,T00001353,1353,381.93,18,B,,,
MSFT.P.XNAS,XNAS,2025-09-15 13:52:04.100,T00001354,1354,377.19,12,S,,,
MSFT.P.XNAS,XNAS,2025-09-15 13:52:04.200,T00001355,1355,379.93,54,B,,,
MSFT.P.XNAS,XNAS,2025-09-15 13:52:04.700,T00001356,1356,378.77,66,S,,,
MSFT.P.XNAS,XNAS,2025-09-15 13:52:05.100,T00001357,1357,377.7,11,B,,,
MSFT.P.XNAS,XNAS,2025-09-15 13:52:06.200,T00001358,1358,386.45,17,S,,,
MSFT.P.XNAS,XNAS,2025-09-15 13:52:06.500,T00001359,1359,383.01,18,B,,,
MSFT.P.XNAS,XNAS,2025-09-15 13:52:07.500,T00001360,1360,384.85,16,S,,,
MSFT.P.XNAS,XNAS,2025-09-15 13:52:07.600,T00001361,1361,385.45,22,B,,,
MSFT.P.XNAS,XNAS,2025-09-15 13:52:09.900,T00001362,1362,388.37,10,B,,,
MSFT.P.XNAS,XNAS,2025-09-15 13:52:11.300,T00001363,1363,388.01,16,B,,,
MSFT.P.XNAS,XNAS,2025-09-15 13:52:12.800,T00001364,1364,387.40000000000003,15,S,,,
MSFT.P.XNAS,XNAS,2025-09-15 13:52:13.000,T00001365,1365,387.37,17,S,,,
MSFT.P.XNAS,XNAS,2025-09-15 13:52:13.200,T00001366,1366,389.36,14,B,,,
MSFT.P.XNAS,XNAS,2025-09-15 13:52:13.300,T00001367,1367,390.33,44,B,,,
MSFT.P.XNAS,XNAS,2025-09-15 13:52:13.600,T00001368,1368,392.68,16,B,,,
MSFT.P.XNAS,XNAS,2025-09-15 13:52:13.900,T00001369,1369,393.97,19,S,,,
MSFT.P.XNAS,XNAS,2025-09-15 13:52:14.800,T00001370,1370,397.28000000000003,18,B,,,
MSFT.P.XNAS,XNAS,2025-09-15 13:52:15.000,T00001371,1371,393.86,13,B,,,
MSFT.P.XNAS,XNAS,2025-09-15 13:52:15.800,T00001372,1372,389.62,21,S,,,
MSFT.P.XNAS,XNAS,2025-09-15 13:52:15.900,T00001373,1373,389.44,19,B,,,
MSFT.P.XNAS,XNAS,2025-09-15 13:52:16.200,T00001374,1374,388.41,26,S,,,
MSFT.P.XNAS,XNAS,2025-09-15 13:52:18.400,T00001375,1375,379.35,13,S,,,
MSFT.P.XNAS,XNAS,2025-09-15 13:52:19.700,T00001376,1376,385.97,17,B,,,
MSFT.P.XNAS,XNAS,2025-09-15 13:52:20.200,T00001377,1377,382.78000000000003,28,S,,,
MSFT.P.XNAS,XNAS,2025-09-15 13:52:20.300,T00001378,1378,380.33,11,S,,,
MSFT.P.XNAS,XNAS,2025-09-15 13:52:20.700,T00001379,1379,379.5,17,B,,,
MSFT.P.XNAS,XNAS,2025-09-15 13:52:21.100,T00001380,1380,378.34000000000003,12,B,,,
MSFT.P.XNAS,XNAS,2025-09-15 13:52:21.600,T00001381,1381,379.28000000000003,19,S,,,
MSFT.P.XNAS,XNAS,2025-09-15 13:52:22.800,T00001382,1382,385.1,105,B,,,
MSFT.P.XNAS,XNAS,2025-09-15 13:52:25.500,T00001383,1383,386.69,29,S,,,
MSFT.P.XNAS,XNAS,2025-09-15 13:52:25.600,T00001384,1384,389.18,10,S,,,
MSFT.P.XNAS,XNAS,2025-09-15 13:52:26.400,T00001385,1385,391.81,12,S,,,
MSFT.P.XNAS,XNAS,2025-09-15 13:52:27.900,T00001386,1386,379.02,12,S,,,
MSFT.P.XNAS,XNAS,2025-09-15 13:52:29.900,T00001387,1387,378.29,67,B,,,
MSFT.P.XNAS,XNAS,2025-09-15 13:52:31.000,T00001388,1388,379.86,63,B,,,
MSFT.P.XNAS,XNAS,2025-09-15 13:52:32.600,T00001389,1389,371.87,13,S,,,
MSFT.P.XNAS,XNAS,2025-09-15 13:52:34.200,T00001390,1390,371.16,64,B,,,
MSFT.P.XNAS,XNAS,2025-09-15 13:52:35.600,T00001391,1391,367.89,14,S,,,
